
@Article{bouman2016,
  doi = {10.1038/srep21050},
  year = {2016},
  month = feb,
  publisher = {Springer Science and Business Media {LLC}},
  volume = {6},
  number = {1},
  author = {Johannes Bouman and J\"{o}rg Ebbing and Martin Fuchs and Josef Sebera and Verena Lieb and Wolfgang Szwillus and Roger Haagmans and Pavel Novak},
  title = {Satellite gravity gradient grids for geophysics},
  journal = {Scientific Reports}
}

@Article{smith1990,
  doi = {10.1190/1.1442837},
  year = {1990},
  month = mar,
  publisher = {Society of Exploration Geophysicists},
  volume = {55},
  number = {3},
  pages = {293--305},
  author = {W. H. F. Smith and P. Wessel},
  title = {Gridding with continuous curvature splines in tension},
  journal = {{Geophysics}}
}

@Article{hansen1993,
  author    = {R. O. Hansen},
  title     = {Interpretive gridding by anisotropic kriging},
  journal   = {{Geophysics}},
  year      = {1993},
  volume    = {58},
  number    = {10},
  pages     = {1491--1497},
  month     = {oct},
  doi       = {10.1190/1.1443363},
  publisher = {Society of Exploration Geophysicists},
}
@Article{cooper2000,
  author    = {Cooper, Gordon Robert John},
  title     = {Gridding gravity data using an equivalent layer},
  journal   = {Computers \& Geosciences},
  year      = {2000},
  volume    = {26},
  number    = {2},
  pages     = {227--233},
  doi       = {10.1016/S0098-3004(99)00089-8},
  publisher = {Elsevier},
}

@Article{guspi2004,
  author    = {Gusp{\'i}, Fernando and Introcaso, Antonio and Introcaso, Beatriz},
  title     = {Gravity-enhanced representation of measured geoid undulations using equivalent sources},
  journal   = {Geophysical Journal International},
  year      = {2004},
  volume    = {159},
  number    = {1},
  pages     = {1--8},
  doi       = {10.1111/j.1365-246X.2004.02364.x},
  publisher = {Blackwell Publishing Ltd Oxford, UK},
}

@Article{cordell1992,
  author    = {Cordell, Lindrith},
  title     = {A scattered equivalent-source method for interpolation and gridding of potential-field data in three dimensions},
  journal   = {{Geophysics}},
  year      = {1992},
  volume    = {57},
  number    = {4},
  pages     = {629--636},
  doi       = {10.1190/1.1443275},
  publisher = {Society of Exploration Geophysicists},
}

@Article{dampney1969,
  author        = {Dampney, C. N. G.},
  title         = {The equivalent source technique},
  journal       = {{Geophysics}},
  year          = {1969},
  volume        = {34},
  number        = {1},
  pages         = {39--53},
  __markedentry = {[santi:]},
  doi           = {10.1190/1.1439996},
  publisher     = {Society of Exploration Geophysicists},
}

@Article{emilia1973,
  author   = {Emilia, David A.},
  title    = {{Equivalent Sources Used As An Analytic Base For Processing Total Magnetic Field Profiles}},
  journal  = {{Geophysics}},
  year     = {1973},
  volume   = {38},
  number   = {2},
  pages    = {339-348},
  month    = {04},
  issn     = {0016-8033},
  abstract = {{Equivalent sources are useful in processing total magnetic field profiles. A lines-of-dipoles distribution, obtained by solving the linear inverse problem, provides an analytic base for computing the following quantities from an observed field: first and second vertical derivative fields, upward- and downward-continued fields, field reduced to the pole, amplitude spectrum of the field, and band-passed field. A theoretical example demonstrates the validity of the approach, and a field example shows that reasonable results are readily obtained.}},
  doi      = {10.1190/1.1440344},
  eprint   = {https://pubs.geoscienceworld.org/geophysics/article-pdf/38/2/339/3156158/339.pdf},
}
@Article{nakatsuka2006,
  author    = {Tadashi Nakatsuka and Shigeo Okuma},
  title     = {Reduction of magnetic anomaly observations from helicopter surveys at varying elevations},
  journal   = {Exploration Geophysics},
  year      = {2006},
  volume    = {37},
  number    = {1},
  pages     = {121-128},
  doi       = {10.1071/EG06121},
  publisher = {Taylor \& Francis},
}

@Article{sandwell1987,
  author   = {Sandwell, David T.},
  title    = {{Biharmonic spline interpolation of GEOS-3 and SEASAT altimeter data}},
  journal  = {{G}eophysical {R}esearch {L}etters},
  year     = {1987},
  volume   = {14},
  number   = {2},
  pages    = {139-142},
  abstract = {Green functions of the biharmonic operator, in one and two dimensions, are used for minimum curvature interpolation of irregularly spaced data points. The interpolating curve (or surface) is a linear combination of Green functions centered at each data point. The amplitudes of the Green functions are found by solving a linear system of equations. In one (or two) dimensions this technique is equivalent to cubic spline (or bicubic spline) interpolation while in three dimension it corresponds to multiquadric interpolation. Although this new technique is relatively slow, it is more flexible than the spline method since both slopes and values can be used to find a surface. Moreover, noisy data can be fit in a least squares sense by reducing the number of model parameters. These properties are well suited for interpolating irregularly spaced satellite altimeter profiles. The long wavelength radial orbit error is suppressed by differentiating each profile. The shorter wavelength noise is reduced by the least squares fit to nearby profiles. Using this technique with 0.5 million GEOS-3 and SEASAT data points, it was found that the marine geoid of the Caribbean area is highly correlated with the sea floor topography. This suggests that similar applications, in more remote, areas may reveal new features of the sea floor.},
  doi      = {10.1029/GL014i002p00139},
  eprint   = {https://agupubs.onlinelibrary.wiley.com/doi/pdf/10.1029/GL014i002p00139},
}

@Article{silva1986,
  author   = {Silva, Joao B. C.},
  title    = {Reduction to the pole as an inverse problem and its application to low-latitude anomalies},
  journal  = {{Geophysics}},
  year     = {1986},
  volume   = {51},
  number   = {2},
  pages    = {369-382},
  month    = {02},
  issn     = {0016-8033},
  abstract = {{Traditionally, reduction to the pole has been accomplished either by space- or wavenumber-domain filtering. In the two-dimensional case, this procedure is stable regardless of the latitude, as long as the source strike is not parallel to the horizontal projection of the geomagnetic field. In the three-dimensional case, however, reduction-to-the-pole filtering is stable only at high magnetic latitudes. At latitudes lower than 15 degrees, it is of no practical use due to a sharply increasing instability toward the magnetic equator.The three-dimensional instability of this filtering technique is demonstrated, and the reduction-to-the-pole problem is formulated in the context of a general linear inverse problem. As a result, stable solutions are found by using well-known stabilizing procedures developed for the inverse linear problem. The distribution of magnetization of an equivalent layer of doublets that reproduces the observed data is computed. The magnetic doublets are parallel to the magnetization direction which is assumed constant throughout the sources. The magnetic field reduced to the pole is then obtained by changing the inclinations of the geomagnetic field and the doublets to 90 degrees and recalculating the total field.The usefulness and limitations of the method at low magnetic latitudes are assessed using theoretical data. The effects of noise and anomaly truncation are also investigated for both high and low latitudes. In all cases, application of the proposed method produced meaningful results regardless of the latitude. The method is applied to field data from two different low-latitude anomalies. The first anomaly is due to a seamount in the Gulf of Guinea with reversed magnetization. The geomagnetic field at this location is about -23 degrees. The second anomaly is an intrabasement anomaly from Parnaiba Basin, Brazil, where the magnetization is assumed to be induced by a geomagnetic field with -1.4 degree inclination. The results obtained confirm that the proposed method produces stable, meaningful, reduced-to-the-pole maps.}},
  doi      = {10.1190/1.1442096},
}


@Article{barnes2011,
  author    = {Gary Barnes and John Lumley},
  title     = {Processing gravity gradient data},
  journal   = {{Geophysics}},
  year      = {2011},
  volume    = {76},
  number    = {2},
  pages     = {I33--I47},
  month     = {mar},
  doi       = {10.1190/1.3548548},
  publisher = {Society of Exploration Geophysicists},
}

@Book{blakely1995,
  title     = {{Potential Theory in Gravity and Magnetic Applications}},
  publisher = {Cambridge University Press},
  year      = {1995},
  author    = {Richard J. Blakely},
  month     = {jan},
  doi       = {10.1017/cbo9780511549816},
}

@Book{vladimirov1979,
  title     = {Generalized functions in mathematical physics},
  publisher = {MIR},
  year      = {1979},
  author    = {Vladimirov, V. S.},
}

@InProceedings{li2001,
  author    = {Yaoguo Li},
  title     = {Processing gravity gradiometer data using an equivalent source technique},
  booktitle = {{SEG} Technical Program Expanded Abstracts 2001},
  year      = {2001},
  month     = {jan},
  publisher = {Society of Exploration Geophysicists},
  doi       = {10.1190/1.1816382},
}

@Book{tikhonov1977,
  title     = {{S}olutions of {I}ll {P}osed {P}roblems},
  publisher = {Vh Winston},
  year      = {1977},
  author    = {Tikhonov, Andrey Nikolayevich},
  isbn      = {0-470-99124-0},
}

@Book{menke1989,
  title     = {{Geophysical Data Analysis: Discrete Inverse Theory}},
  publisher = {Academic Press},
  year      = {1989},
  author    = {William Menke},
  isbn      = {9780080507323},
}

@Misc{uieda2020,
  author    = {Uieda, Leonardo and Soler, Santiago R. and Pesce, Agustina and Oliveira Jr, Vanderlei C. and Shea, Nicholas},
  title     = {{H}armonica: {F}orward modeling, inversion, and processing gravity and magnetic data},
  year      = {2020},
  doi       = {10.5281/zenodo.3628742},
  language  = {en},
  publisher = {Zenodo},
}

@article{kother2015,
    author = {Kother, Livia and Hammer, Magnus D. and Finlay, Christopher C. and Olsen, Nils},
    title = "{An equivalent source method for modelling the global lithospheric magnetic field}",
    journal = {Geophysical Journal International},
    volume = {203},
    number = {1},
    pages = {553-566},
    year = {2015},
    month = {08},
    issn = {0956-540X},
    doi = {10.1093/gji/ggv317},
    eprint = {https://academic.oup.com/gji/article-pdf/203/1/553/1571411/ggv317.pdf},
}


@article{vonfrese1981,
  doi = {10.1016/0012-821x(81)90027-3},
  year = {1981},
  month = mar,
  publisher = {Elsevier {BV}},
  volume = {53},
  number = {1},
  pages = {69--83},
  author = {Ralph R.B. von Frese and William J. Hinze and Lawrence W. Braile},
  title = {Spherical earth gravity and magnetic anomaly analysis by equivalent point source inversion},
  journal = {Earth and Planetary Science Letters}
}

@article{friedman2002,
  doi = {10.1016/s0167-9473(01)00065-2},
  year = {2002},
  month = feb,
  publisher = {Elsevier {BV}},
  volume = {38},
  number = {4},
  pages = {367--378},
  author = {Jerome H. Friedman},
  title = {Stochastic gradient boosting},
  journal = {Computational Statistics {\&} Data Analysis}
}

@article{friedman2001,
  doi = {10.1214/aos/1013203451},
  year = {2001},
  month = oct,
  publisher = {Institute of Mathematical Statistics},
  volume = {29},
  number = {5},
  pages = {1189--1232},
  author = {Jerome H. Friedman},
  title = {Greedy function approximation: a gradient boosting machine},
  journal = {The Annals of Statistics}
}

@article{nagy2000,
  author = {Nagy, D. and Papp, G. and Benedek, Judit},
  year = {2000},
  month = {11},
  pages = {552-560},
  title = {The gravitational potential and its derivatives for the prism},
  volume = {74},
  journal = {Journal of Geodesy},
  doi = {10.1007/s001900000116},
  publisher = {Springer Science and Business Media {LLC}}
}

@article{nagy2002,
  doi = {10.1007/s00190-002-0264-7},
  year = {2002},
  month = nov,
  publisher = {Springer Science and Business Media {LLC}},
  volume = {76},
  number = {8},
  pages = {475--475},
  author = {D. Nagy and G. Papp and J. Benedek},
  title = {{Corrections to ``The gravitational potential and its derivatives
           for the prism''}},
  journal = {Journal of Geodesy}
}

@article{vonfrese1988,
	doi = {10.1190/1.1442471},
	year = 1988,
	month = {mar},
	publisher = {Society of Exploration Geophysicists},
	volume = {53},
	number = {3},
	pages = {375--385},
	author = {R. R. B. von Frese and D. N. Ravat and W. J. Hinze and C. A. McGue},
	title = {Improved inversion of geopotential field anomalies for lithospheric investigations},
	journal = {{Geophysics}}
}

@article{takahashi2020,
  doi = {10.1190/geo2019-0826.1},
  year = {2020},
  month = nov,
  publisher = {Society of Exploration Geophysicists},
  volume = {85},
  number = {6},
  pages = {G129--G141},
  author = {Diego Takahashi and Vanderlei C. Oliveira Jr. and Val{\'{e}}ria C. F. Barbosa},
  title = {Convolutional equivalent layer for gravity data processing},
  journal = {{Geophysics}}
}

@misc{wynne2018,
  doi = {10.26186/5C1987FA17078},
  author = {Wynne, P.},
  keywords = {Point, Gravity, Published_External},
  language = {en},
  title = {{NetCDF Ground Gravity Point Surveys Collection}},
  publisher = {Commonwealth of Australia (Geoscience Australia)},
  year = {2018}
}

@article{ligotze2001,
	doi = {10.1190/1.1487109},
	year = 2001,
	month = {nov},
	publisher = {Society of Exploration Geophysicists},
	volume = {66},
	number = {6},
	pages = {1660--1668},
	author = {Xiong Li and Hans-Jürgen Götze},
	title = {Ellipsoid, geoid, gravity, geodesy, and geophysics},
	journal = {{Geophysics}}
}

@article{fukushima2020,
	doi = {10.1093/gji/ggaa240},
	year = 2020,
	month = {jun},
	publisher = {Oxford University Press ({OUP})},
	volume = {222},
	number = {3},
	pages = {1898--1908},
	author = {Toshio Fukushima},
	title = {Speed and accuracy improvements in standard algorithm for prismatic gravitational field},
	journal = {Geophysical Journal International}
}

@article{verde2018,
  title = {{Verde}: {Processing} and gridding spatial data using {Green's} functions},
  author = {Uieda, Leonardo},
  year = {2018},
  journal = {Journal of Open Source Software},
  volume = {3},
  number = {29},
  pages = {957},
  issn = {2475-9066},
  doi = {10.21105/joss.00957},
}

@software{harmonica2020,
  author       = {Uieda, Leonardo and
                  Soler, Santiago R. and
                  Pesce, Agustina and
                  Oliveira Jr, Vanderlei C and
                  Shea, Nicholas},
  title        = {{Harmonica: Forward modeling, inversion, and
                   processing gravity and magnetic data}},
  month        = feb,
  year         = 2020,
  publisher    = {Zenodo},
  version      = {v0.1.0},
  doi          = {10.5281/zenodo.3628742},
}

@software{boule2020,
  author       = {Uieda, Leonardo and
                  Soler, Santiago Rubén},
  title        = {{Boule v0.2.0: Reference ellipsoids for geodesy,
                   geophysics, and coordinate calculations}},
  month        = jul,
  year         = 2020,
  publisher    = {Zenodo},
  version      = {0.2.0},
  doi          = {10.5281/zenodo.3939204},
}

@software{pygmt2020,
  author       = {Uieda, Leonardo and
                  Tian, Dongdong and
                  Leong, Wei Ji and
                  Toney, Liam and
                  Newton, Tyler and
                  Wessel, Paul},
  title        = {{PyGMT: A Python interface for the Generic Mapping Tools}},
  month        = nov,
  year         = 2020,
  publisher    = {Zenodo},
  version      = {v0.2.1},
  doi          = {10.5281/zenodo.4253459},
}

@article{xarray2017,
  title     = {xarray: {N-D} labeled arrays and datasets in {Python}},
  author    = {Hoyer, S. and J. Hamman},
  journal   = {Journal of Open Research Software},
  volume    = {5},
  number    = {1},
  year      = {2017},
  publisher = {Ubiquity Press},
  doi       = {10.5334/jors.148},
}

@inproceedings{numba2015,
	doi = {10.1145/2833157.2833162},
	year = 2015,
	publisher = {{ACM} Press},
	author = {Siu Kwan Lam and Antoine Pitrou and Stanley Seibert},
	title = {Numba},
    booktitle = {Proceedings of the Second Workshop on the {LLVM} Compiler
                 Infrastructure in {HPC} - {LLVM} '15}
}

@misc{australia_compilation,
  doi = {10.6084/M9.FIGSHARE.13643837},
  author = {Uieda, Leonardo},
  keywords = {Geophysics, FOS: Earth and related environmental sciences, FOS: Earth and related environmental sciences},
  title = {{Ground gravity data compilation for Australia filtered by survey quality and packaged in CF-compliant netCDF}},
  publisher = {figshare},
  year = {2021},
  copyright = {Creative Commons Attribution 4.0 International}
}

@article{pooch2020,
	doi = {10.21105/joss.01943},
	year = 2020,
	month = {jan},
	publisher = {The Open Journal},
	volume = {5},
	number = {45},
	pages = {1943},
	author = {Leonardo Uieda and Santiago Soler and R{\'{e}}mi Rampin and Hugo van Kemenade and Matthew Turk and Daniel Shapero and Anderson Banihirwe and John Leeman},
	title = {{Pooch}: {A} friend to fetch your data files},
	journal = {Journal of Open Source Software}
}

@conference{jupyter2016,
  title = {{Jupyter Notebooks} -- a publishing format for reproducible computational workflows},
  author = {Thomas Kluyver and Benjamin Ragan-Kelley and Fernando P{\'e}rez and Brian Granger and Matthias Bussonnier and Jonathan Frederic and Kyle Kelley and Jessica Hamrick and Jason Grout and Sylvain Corlay and Paul Ivanov and Dami{\'a}n Avila and Safia Abdalla and Carol Willing},
  booktitle = {Positioning and Power in Academic Publishing: Players, Agents and Agendas},
  editor = {F. Loizides and B. Schmidt},
  organization = {IOS Press},
  pages = {87 - 90},
  year = {2016}
}

@article{tozer2019,
	doi = {10.1029/2019ea000658},
	year = 2019,
	month = {oct},
	publisher = {American Geophysical Union ({AGU})},
	volume = {6},
	number = {10},
	pages = {1847--1864},
	author = {B. Tozer and D. T. Sandwell and W. H. F. Smith and C. Olson and J. R. Beale and P. Wessel},
	title = {{Global Bathymetry and Topography at 15~Arc~Sec: {SRTM}15+}},
	journal = {Earth and Space Science}
}

@article{sklearn2011,
 title={Scikit-learn: Machine Learning in {P}ython},
 author={Pedregosa, F. and Varoquaux, G. and Gramfort, A. and Michel, V.
         and Thirion, B. and Grisel, O. and Blondel, M. and Prettenhofer, P.
         and Weiss, R. and Dubourg, V. and Vanderplas, J. and Passos, A. and
         Cournapeau, D. and Brucher, M. and Perrot, M. and Duchesnay, E.},
 journal={Journal of Machine Learning Research},
 volume={12},
 pages={2825--2830},
 year={2011}
}

@article{martinez2016,
	doi = {10.1190/geo2015-0379.1},
	year = 2016,
	month = {jul},
	publisher = {Society of Exploration Geophysicists},
	volume = {81},
	number = {4},
	pages = {G67--G79},
	author = {Cericia Martinez and Yaoguo Li},
	title = {Denoising of gravity gradient data using an equivalent source technique},
	journal = {{GEOPHYSICS}}
}

@incollection{tscherning2015,
  doi = {10.1007/978-3-319-02370-0_51-1},
  year = {2015},
  publisher = {Springer International Publishing},
  pages = {1--5},
  author = {C. C. Tscherning},
  title = {Least-Squares Collocation},
  booktitle = {Encyclopedia of Geodesy}
}

@Comment{jabref-meta: databaseType:bibtex;}
/******************************************************************************
Use the https://www.doi2bib.org website to easily get well formated BibTex
entries.
******************************************************************************/
@article{OliveiraJr2023,
  title = {Computational aspects of the equivalent-layer technique: review},
  volume = {11},
  issn = {2296-6463},
  doi = {10.3389/feart.2023.1253148},
  journal = {Frontiers in Earth Science},
  publisher = {Frontiers Media SA},
  author = {Oliveira Jr,  Vanderlei C. and Takahashi,  Diego and Reis,  André L. A. and Barbosa,  Valéria C. F.},
  year = {2023},
  month = nov
}

@article{OliveiraJr2015,
  author = {Oliveira Jr., V. C. and Sales, D. P. and Barbosa, V. C. F. and Uieda, L.},
  journal = {Nonlinear Processes in Geophysics},
  number = {2},
  year = {2015},
  month = {4},
  pages = {215--232},
  title = {Estimation of the total magnetization direction of approximately spherical bodies},
  volume = {22},
  doi = {10.5194/npg-22-215-2015},
  issn = {16077946},
}

@book{Blakley1995,
    author = {Blakely,  R. J.},
    title = {Potential Theory in Gravity and Magnetic Applications},
    publisher = {Cambridge University Press},
    year = {1995},
    month = jan,
    isbn = {9780511549816},
    doi = {10.1017/cbo9780511549816},
}

@book{Langel1998,
    author = {Langel,  R. A. and Hinze,  W. J.},
    title = {Magnetic Field of the Earths Lithosphere The: The Satellite Perspective},
    publisher = {Cambridge University Press},
    year = {1998},
    doi = {10.1017/cbo9780511629549},
}

@article{Li2020,
    author = {Li,  Duan and Liang,  Qing and Du,  Jinsong and Sun,  Shida and Zhang,  Yi and Chen,  Chao},
    title = {Transforming Total‐Field Magnetic Anomalies Into Three Components Using Dual‐Layer Equivalent Sources},
    journal = {Geophysical Research Letters},
    publisher = {American Geophysical Union (AGU)},
    year = {2020},
    month = feb,
    volume = {47},
    number = {3},
    issn = {1944-8007},
    doi = {10.1029/2019gl084607},
}

@article{Soler2021,
    author = {Soler,  Santiago R and Uieda,  Leonardo},
    title = {Gradient-boosted equivalent sources},
    journal = {Geophysical Journal International},
    publisher = {Oxford University Press (OUP)},
    year = {2021},
    month = aug,
    volume = {227},
    number = {3},
    issn = {1365-246X},
    pages = {1768–1783},
}

@article{Friedman2001,
    author = {Friedman,  Jerome H.},
    title = {Greedy function approximation: A gradient boosting machine.},
    journal = {The Annals of Statistics},
    publisher = {Institute of Mathematical Statistics},
    year = {2001},
    month = oct,
    volume = {29},
    number = {5},
    issn = {0090-5364},
    doi = {10.1214/aos/1013203451},
}

@article{Friedman2002,
    author = {Friedman,  Jerome H.},
    title = {Stochastic gradient boosting},
    journal = {Computational Statistics &amp; Data Analysis},
    publisher = {Elsevier BV},
    year = {2002},
    month = feb,
    volume = {38},
    number = {4},
    pages = {367–378},
    issn = {0167-9473},
    doi = {10.1016/s0167-9473(01)00065-2},
}

@article{Roberts2017,
    author = {Roberts,  David R. and Bahn,  Volker and Ciuti,  Simone and Boyce,  Mark S. and Elith,  Jane and Guillera‐Arroita,  Gurutzeta and Hauenstein,  Severin and Lahoz‐Monfort,  José J. and Schr\"{o}der,  Boris and Thuiller,  Wilfried and Warton,  David I. and Wintle,  Brendan A. and Hartig,  Florian and Dormann,  Carsten F.},
    title = {Cross‐validation strategies for data with temporal,  spatial,  hierarchical,  or phylogenetic structure},
    journal = {Ecography},
    publisher = {Wiley},
    pages = {913–929},
    volume = {40},
    number = {8},
    year = {2017},
    month = mar,
    issn = {1600-0587},
    doi = {10.1111/ecog.02881},
}

@article{Geisser1975,
    author = {Geisser,  Seymour},
    title = {The Predictive Sample Reuse Method with Applications},
    journal = {Journal of the American Statistical Association},
    publisher = {Informa UK Limited},
    pages = {320–328},
    volume = {70},
    number = {350},
    year = {1975},
    month = jun,
    issn = {1537-274X},
    doi = {10.1080/01621459.1975.10479865},
}

@article{Jung2017,
    author = {Jung,  Yoonsuh},
    title = {Multiple predicting K-fold cross-validation for model selection},
    journal = {Journal of Nonparametric Statistics},
    publisher = {Informa UK Limited},
    pages = {197–215},
    volume = {30},
    number = {1},
    year = {2017},
    month = nov,
    issn = {1029-0311},
    doi = {10.1080/10485252.2017.1404598},
}

@misc{ICEGRAV_data,
    author = {Ferraccioli,  Fausto and Forsberg,  R. and Olesen,  Arne and Jordan,  Tom and Matsuoka,  Kenichi and Zakrajsek,  Andrés and Ghidella,  Marta},
    title = {Processed line aeromagnetic data over the Recovery Lakes region and interior Dronning Maud Land,  East Antarctica (2013)},
    publisher = {UK Polar Data Centre,  Natural Environment Research Council,  UK Research & Innovation},
    year = {2020},
    copyright = {Open Government Licence V3.0},
    doi = {10.5285/849E2215-95B0-4275-88B8-50E18E3F8D56},
}

@book{Kellogg1967,
    author = {Kellogg,  Oliver Dimon},
    title = {Foundations of Potential Theory},
    publisher = {Springer Berlin Heidelberg},
    year = {1967},
    doi = {10.1007/978-3-642-86748-4},
    isbn={9783642867484},
}

@article{Leao1989,
  title = {Discrete linear transformations of potential field data},
  volume = {54},
  issn = {1942-2156},
  doi = {10.1190/1.1442676},
  number = {4},
  journal = {GEOPHYSICS},
  publisher = {Society of Exploration Geophysicists},
  author = {Leão,  Jorge W. D. and Silva,  João B. C.},
  year = {1989},
  month = apr,
  pages = {497–507}
}

@article{Mendona1994,
  title = {The equivalent data concept applied to the interpolation of potential field data},
  volume = {59},
  issn = {1942-2156},
  doi = {10.1190/1.1443630},
  number = {5},
  journal = {GEOPHYSICS},
  publisher = {Society of Exploration Geophysicists},
  author = {Mendon\c{c}a,  Carlos Alberto and Silva,  João B. C.},
  year = {1994},
  month = may,
  pages = {722–732}
}

@article{Mendona2020,
  title = {Subspace method for solving large-scale equivalent layer and density mapping problems},
  volume = {85},
  issn = {1942-2156},
  doi = {10.1190/geo2019-0302.1},
  number = {3},
  journal = {GEOPHYSICS},
  publisher = {Society of Exploration Geophysicists},
  author = {Mendon\c{c}a,  Carlos A.},
  year = {2020},
  month = may,
  pages = {G57–G68}
}
@article{Guspi2009,
  title = {Reduction to the pole and transformations of scattered magnetic data using Newtonian equivalent sources},
  volume = {74},
  issn = {1942-2156},
  doi = {10.1190/1.3170690},
  number = {5},
  journal = {GEOPHYSICS},
  publisher = {Society of Exploration Geophysicists},
  author = {Guspí,  Fernando and Novara,  Iván},
  year = {2009},
  month = sep,
  pages = {L67–L73}
}

@article{Li2010,
  title = {Rapid construction of equivalent sources using wavelets},
  volume = {75},
  issn = {1942-2156},
  doi = {10.1190/1.3378764},
  number = {3},
  journal = {GEOPHYSICS},
  publisher = {Society of Exploration Geophysicists},
  author = {Li,  Yaoguo and Oldenburg,  Douglas W.},
  year = {2010},
  month = may,
  pages = {L51–L59}
}

@article{OliveiraJr2013,
  title = {Polynomial equivalent layer},
  volume = {78},
  issn = {1942-2156},
  doi = {10.1190/geo2012-0196.1},
  number = {1},
  journal = {GEOPHYSICS},
  publisher = {Society of Exploration Geophysicists},
  author = {Oliveira Jr.,  Vanderlei C. and Barbosa,  Valéria C. F. and Uieda,  Leonardo},
  year = {2013},
  month = jan,
  pages = {G1–G13}
}

@article{Siqueira2017,
  title = {Fast iterative equivalent-layer technique for gravity data processing: A method grounded on excess mass constraint},
  volume = {82},
  issn = {1942-2156},
  doi = {10.1190/geo2016-0332.1},
  number = {4},
  journal = {GEOPHYSICS},
  publisher = {Society of Exploration Geophysicists},
  author = {Siqueira,  Fillipe C. L. and Oliveira Jr.,  Vanderlei C. and Barbosa,  Valéria C. F.},
  year = {2017},
  month = jul,
  pages = {G57–G69}
}

@article{Jirigalatu2019,
  title = {A fast equivalent source method for airborne gravity gradient data},
  volume = {84},
  issn = {1942-2156},
  doi = {10.1190/geo2018-0366.1},
  number = {5},
  journal = {GEOPHYSICS},
  publisher = {Society of Exploration Geophysicists},
  author = {Jirigalatu,  J\"{o}rg and Ebbing},
  year = {2019},
  month = sep,
  pages = {G75–G82}
}

@article{Takahashi2022,
  title = {Convolutional equivalent layer for magnetic data processing},
  volume = {87},
  issn = {1942-2156},
  doi = {10.1190/geo2021-0599.1},
  number = {5},
  journal = {GEOPHYSICS},
  publisher = {Society of Exploration Geophysicists},
  author = {Takahashi,  Diego and Oliveira Jr.,  Vanderlei C. and Barbosa,  Valéria C. F.},
  year = {2022},
  month = jul,
  pages = {E291–E306}
}

@article{Piauilino2024,
  title = {Efficient equivalent-layer technique for processing irregularly spaced magnetic data on uneven surfaces},
  volume = {90},
  issn = {1942-2156},
  doi = {10.1190/geo2023-0731.1},
  number = {1},
  journal = {GEOPHYSICS},
  publisher = {Society of Exploration Geophysicists},
  author = {Piauilino,  Larissa S. and Oliveira,  Vanderlei C. and Barbosa,  Valéria C. F.},
  year = {2024},
  month = dec,
  pages = {G1–G13}
}

@article{numpy,
    title = {Array programming with {NumPy} [Software]},
    author = {Harris, Charles R. and Millman, K. Jarrod and van der Walt, Stéfan J. and Gommers, Ralf and Virtanen, Pauli and Cournapeau, David and Wieser, Eric and Taylor, Julian and Bergstra, James and Smith, Nathaniel J. and Kern, Robert and Picus, Matti and Hoyer, Stephan and van Kerkwijk, Marten H. and Brett, Matthew and Haldane, Allan and Del Río, Jaime and Wiebe, Mark and Peterson, Pearu and Gérard-Marchant, Pierre and Sheppard, Kevin and Reddy, Tyler and Weckesser, Warren and Abbasi, Hameer and Gohlke, Christoph and Oliphant, Travis E.},
    journal = {Nature},
    volume = {585},
    number = {7825},
    pages = {357--362},
    year = {2020},
    doi = {10.1038/s41586-020-2649-2}
}

@misc{pygmt,
  doi = {10.5281/ZENODO.3781524},
  author = {Tian,  Dongdong and Uieda,  Leonardo and Leong,  Wei Ji and Fr\"{o}hlich,  Yvonne and Schlitzer,  William and Grund,  Michael and Jones,  Max and Toney,  Liam and Yao,  Jiayuan and Magen,  Yohai and Jing-Hui,  Tong and Materna,  Kathryn and Belem,  Andre and Newton,  Tyler and Anant,  Abhishek and Ziebarth,  Malte and Quinn,  Jamie and Wessel,  Paul},
  title = {PyGMT: A Python interface for the Generic Mapping Tools [software]},
  publisher = {Zenodo},
  year = {2024},
}

@article{pyproj,
  doi = {10.5281/ZENODO.13864781},
  author = {Alan D. Snow and Jeff Whitaker and Micah Cochran and Idan Miara and Joris Van den Bossche and Chris Mayo and Greg Lucas and Paul Cochrane and Jos de Kloe and Charles Karney and Javier Jimenez Shaw and Filipe and George Ouzounoudis and Justin Dearing and Guillaume Lostis and David Hoese and Bas Couwenberg and Brendan Jurd and Christoph Gohlke and Cora Schneck and Daniel McDonald and Mikhail Itkin and Ryan May and Heitor de Bittencourt and Bill Little and Poruri Sai Rahul and Nick Eubank and Neil and Mike Taves},
  title = {pyproj4/pyproj: 3.7.0 Release [Software]},
  journal = {Zenodo},
  year = {2024},
}

@article{pandas,
  doi = {10.5281/ZENODO.13819579},
  author = {{The pandas development team}},
  title = {pandas-dev/pandas: Pandas [Software]},
  journal = {Zenodo},
  year = {2024},
}

@article{xarray,
  title     = {xarray: {N-D} labeled arrays and datasets in {Python} [Software]},
  author    = {Hoyer, S. and J. Hamman},
  journal   = {Journal of Open Research Software},
  volume    = {5},
  number    = {1},
  year      = {2017},
  publisher = {Ubiquity Press},
  doi       = {10.5334/jors.148}
}

@article{harmonica,
    author = {{Fatiando a Terra Project} and Castro,  Yago M. and Esteban,  Federico D. and Li,  Lu and Oliveira Jr,  Vanderlei C and Pesce,  Agustina and Shea,  Nicholas and Soler,  Santiago R. and Souza-Junior,  Gelson F. and Tankersley,  Matthew and Uieda,  Leonardo and Uppal,  India},
    title = {Harmonica v0.7.0: Forward modeling,  inversion,  and processing gravity and magnetic data},
    journal = {Zenodo},
    doi = {10.5281/ZENODO.13308312},
    year = {2024},
}

@article{HidalgoGato2021,
  title = {Magnetic amplitude inversion for depth-to-basement and apparent magnetization-intensity estimates},
  volume = {86},
  ISSN = {1942-2156},
  DOI = {10.1190/geo2019-0726.1},
  number = {1},
  journal = {GEOPHYSICS},
  publisher = {Society of Exploration Geophysicists},
  author = {Hidalgo-Gato,  Marlon C. and Barbosa,  Valéria C. F. and Oliveira Jr.,  Vanderlei C.},
  year = {2021},
  month = jan,
  pages = {J1–J11}
}

@article{Melo2021,
  title = {Amplitude of the magnetic anomaly vector in the interpretation of total-field anomaly at low magnetic latitudes},
  volume = {190},
  ISSN = {0926-9851},
  DOI = {10.1016/j.jappgeo.2021.104339},
  journal = {Journal of Applied Geophysics},
  publisher = {Elsevier BV},
  author = {Melo,  Felipe F. and Gonzalez,  Shayane P. and Barbosa,  Valéria C.F. and Oliveira Jr.,  Vanderlei C.},
  year = {2021},
  month = jul,
  pages = {104339}
}/******************************************************************************
Use the https://www.doi2bib.org website to easily get well formated BibTex
entries.
******************************************************************************/
@misc{figshare,
  doi = {10.6084/m9.figshare.26384140},
  author = {Uieda, Leonardo and Souza-{J}unior, Gelson F. and Uppal, India and {Oliveira Jr.}, Vanderlei C.},
  title = {{Supplementary material for ``Euler inversion: Locating sources of
           potential-field data through inversion of Euler’s homogeneity
           equation'' [Dataset]}},
  journal = {figshare},
  year = {2024},
  copyright = {Creative Commons Attribution 4.0 International}
}
@article{Reid2014,
  title = {The structural index in gravity and magnetic interpretation: {E}rrors,  uses,  and abuses},
  volume = {79},
  ISSN = {1942-2156},
  DOI = {10.1190/geo2013-0235.1},
  number = {4},
  journal = {Geophysics},
  publisher = {Society of Exploration Geophysicists},
  author = {Reid,  Alan B. and Thurston,  Jeffrey B.},
  year = {2014},
  month = jul,
  pages = {J61–J66}
}
@article{Reid2014b,
  title = {Avoidable {E}uler Errors – the use and abuse of {E}uler deconvolution applied to potential fields},
  volume = {62},
  ISSN = {1365-2478},
  DOI = {10.1111/1365-2478.12119},
  number = {5},
  journal = {Geophysical Prospecting},
  publisher = {Wiley},
  author = {Reid,  Alan B. and Ebbing,  J\"{o}rg and Webb,  Susan J.},
  year = {2014},
  month = apr,
  pages = {1162–1168}
}
@article{Stavrev2007,
  title = {Degrees of homogeneity of potential fields and structural indices of {E}uler deconvolution},
  volume = {72},
  ISSN = {1942-2156},
  DOI = {10.1190/1.2400010},
  number = {1},
  journal = {Geophysics},
  publisher = {Society of Exploration Geophysicists},
  author = {Stavrev,  Petar and Reid,  Alan},
  year = {2007},
  month = jan,
  pages = {L1–L12}
}
@misc{SRTM,
  doi = {10.5066/F7PR7TFT},
  author = {{Earth Resources Observation And Science (EROS) Center}},
  keywords = {Shuttle Radar Topography},
  title = {{Shuttle Radar Topography Mission (SRTM)} 1 Arc-Second Global},
  publisher = {U.S. Geological Survey},
  year = {2017}
}
@article{Soler2021,
  title = {Gradient-boosted equivalent sources},
  volume = {227},
  ISSN = {1365-246X},
  DOI = {10.1093/gji/ggab297},
  number = {3},
  journal = {Geophysical Journal International},
  publisher = {Oxford University Press (OUP)},
  author = {Soler,  Santiago R and Uieda,  Leonardo},
  year = {2021},
  month = aug,
  pages = {1768–1783}
}
@article{Gerovska2005,
  title = {Finite-difference {E}uler Deconvolution Algorithm Applied to the
           Interpretation of Magnetic Data from Northern {B}ulgaria},
  volume = {162},
  ISSN = {1420-9136},
  DOI = {10.1007/s00024-004-2623-1},
  number = {3},
  journal = {pure and applied geophysics},
  publisher = {Springer Science and Business Media LLC},
  author = {Gerovska,  Daniela and Stavrev,  Petar and Araúzo-Bravo,  Marcos J.},
  year = {2005},
  month = mar,
  pages = {591–608}
}
@article{Castro2020,
  title = {Constraining {E}uler Deconvolution Solutions Through Combined Tilt Derivative Filters},
  volume = {177},
  ISSN = {1420-9136},
  DOI = {10.1007/s00024-020-02533-w},
  number = {10},
  journal = {Pure and Applied Geophysics},
  publisher = {Springer Science and Business Media LLC},
  author = {Castro,  Fabrício R. and Oliveira,  Saulo P. and de Souza,  Jeferson and Ferreira,  Francisco J. F.},
  year = {2020},
  month = jun,
  pages = {4883–4895}
}
@article{Thompson1982,
  author = {Thompson, D. T.},
  journal = {Geophysics},
  number = {1},
  year = {1982},
  month = {2},
  pages = {31--37},
  title = {EULDPH: a new technique for making computer-assisted depth estimates from magnetic data.},
  volume = {47},
  doi = {10.1190/1.1441278},
  issn = {00168033},
}
@article{Reid1990,
  author = {Reid, A. B. and Allsop, J. M. and Granser, H. and Millett, A. J. and Somerton, I. W.},
  journal = {Geophysics},
  number = {1},
  year = {1990},
  month = {1},
  pages = {80--91},
  title = {Magnetic interpretation in three dimensions using {Euler} deconvolution},
  volume = {55},
  doi = {10.1190/1.1442774},
  issn = {00168033},
}
@book{Vanicek1986,
  title={Geodesy: The Concepts},
  author={Vaníček, P. and Krakiwsky, E.J.},
  year={1986},
  publisher={Elsevier Science}
}
@misc{Ruddock1966,
  title={Method for determining depth and falloff rate of subterranean magnetic disturbances utilizing a plurality of magnetometers},
  author={Ruddock, Kenneth A and Slack, Howard A and Sheldon, Breiner},
  year={1966},
  note={US Patent 3,263,161}
}
@article{Silva2001,
  title = {Scattering,  symmetry,  and bias analysis of source‐position
           estimates in {Euler} deconvolution and its practical implications},
  volume = {66},
  ISSN = {1942-2156},
  DOI = {10.1190/1.1487062},
  number = {4},
  journal = {Geophysics},
  publisher = {Society of Exploration Geophysicists},
  author = {Silva,  J. B. C. and Barbosa,  V. C. F. and Medeiros,  W. E.},
  year = {2001},
  month = jul,
  pages = {1149–1156}
}
@article{Melo2020,
  title = {Reliable {Euler} deconvolution estimates throughout the vertical derivatives of the total-field anomaly},
  volume = {138},
  ISSN = {0098-3004},
  DOI = {10.1016/j.cageo.2020.104436},
  journal = {Computers \& Geosciences},
  publisher = {Elsevier BV},
  author = {Melo,  Felipe F. and Barbosa,  Valéria C.F.},
  year = {2020},
  month = may,
  pages = {104436}
}
@article{Pasteka2009,
  title = {Regularized derivatives of potential fields and their role in semi‐automated interpretation methods},
  volume = {57},
  ISSN = {1365-2478},
  DOI = {10.1111/j.1365-2478.2008.00780.x},
  number = {4},
  journal = {Geophysical Prospecting},
  publisher = {Wiley},
  author = {Pašteka,  R. and Richter,  F.P. and Karcol,  R. and Brazda,  K. and Hajach,  M.},
  year = {2009},
  month = jun,
  pages = {507–516}
}
@article{Florio2014,
  title = {On the estimation of the structural index from low-pass filtered magnetic data},
  volume = {79},
  ISSN = {1942-2156},
  DOI = {10.1190/geo2013-0421.1},
  number = {6},
  journal = {Geophysics},
  publisher = {Society of Exploration Geophysicists},
  author = {Florio,  Giovanni and Fedi,  Maurizio and Pašteka,  Roman},
  year = {2014},
  month = nov,
  pages = {J67–J80}
}
@book{WellsKrakiwsky1971,
  title       = "The method of least squares",
  author      = "Wells, D.E. and Krakiwsky, E.J.",
  publisher   = "Department of {G}eodesy and {G}eomatics {E}ngineering {L}ecture {N}otes, University of New Brunswick",
  year        = 1971,
  month       = may
}
@misc{pygmt,
  doi = {10.5281/ZENODO.3781524},
  author = {Tian,  Dongdong and Uieda,  Leonardo and Leong,  Wei Ji and Fr\"{o}hlich,  Yvonne and Schlitzer,  William and Grund,  Michael and Jones,  Max and Toney,  Liam and Yao,  Jiayuan and Magen,  Yohai and Jing-Hui,  Tong and Materna,  Kathryn and Belem,  Andre and Newton,  Tyler and Anant,  Abhishek and Ziebarth,  Malte and Quinn,  Jamie and Wessel,  Paul},
  title = {PyGMT: A Python interface for the Generic Mapping Tools [software]},
  publisher = {Zenodo},
  year = {2024},
}
@article{scipy,
   author = {{Virtanen}, P. and {Gommers}, R. and {Oliphant}, T. E. and
             {Haberland}, M. and {Reddy}, T. and {Cournapeau}, D. and
             {Burovski}, E. and {Peterson}, P. and {Weckesser}, W. and
             {Bright}, J. and {van der Walt}, S. J. and {Brett}, M. and
             {Wilson}, J. and {Millman}, K. J. and {Mayorov}, N. and {Nelson},
             A. R. J. and {Jones}, E. and {Kern}, R. and {Larson}, E. and
             {Carey}, C. J. and {Polat}, I. and {Feng}, Y. and {Moore}, E. W.
             and {VanderPlas}, J. and {Laxalde}, D. and {Perktold}, J. and
             {Cimrman}, R. and {Henriksen}, I. and {Quintero}, E. A. and
             {Harris}, C. R. and {Archibald}, A. M. and {Ribeiro}, A. H. and
             {Pedregosa}, F. and {van Mulbregt}, P. and {Contributors}},
   title = "{SciPy 1.0: Fundamental Algorithms for Scientific Computing in Python [Software]}",
   journal = {Nature Methods},
   volume = {17},
   number = {3},
   pages = {261--272},
   year = {2020},
   doi = {10.1038/s41592-019-0686-2},
   publisher = {Springer Science and Business Media {LLC}}
}
@article{harmonica,
  author       = {{Fatiando a Terra Project} and
                  Esteban, Federico D. and
                  Li, Lu and
                  Oliveira Jr, Vanderlei C and
                  Pesce, Agustina and
                  Shea, Nicholas and
                  Soler, Santiago R. and
                  Tankersley, Matthew and
                  Uieda, Leonardo},
  title        = {{Harmonica v0.6.0: Forward modeling, inversion, and
                   processing gravity and magnetic data [Software]}},
  month        = mar,
  year         = 2023,
  journal    = {Zenodo},
  doi          = {10.5281/zenodo.7690145},
}
@article{pandas,
  doi = {10.5281/ZENODO.13819579},
  author = {{The pandas development team}},
  title = {pandas-dev/pandas: Pandas [Software]},
  journal = {Zenodo},
  year = {2024},
}
@article{geopandas,
  doi = {10.5281/ZENODO.12625316},
  author = {Joris Van den Bossche and Kelsey Jordahl and Martin Fleischmann and Matt Richards and James McBride and Jacob Wasserman and Adrian Garcia Badaracco and Alan D. Snow and Brendan Ward and Jeff Tratner and Jeffrey Gerard and Matthew Perry and cjqf and Geir Arne Hjelle and Mike Taves and Ewout ter Hoeven and Micah Cochran and Ray Bell and rraymondgh and Matt Bartos and Pieter Roggemans and Lucas Culbertson and Giacomo Caria and Nicholas YS Tan and Nick Eubank and sangarshanan and John Flavin and Sergio Rey and James Gardiner},
  title = {geopandas/geopandas: v1.0.1 [Software]},
  journal = {Zenodo},
  year = {2024},
}
@article{pyproj,
  doi = {10.5281/ZENODO.13864781},
  author = {Alan D. Snow and Jeff Whitaker and Micah Cochran and Idan Miara and Joris Van den Bossche and Chris Mayo and Greg Lucas and Paul Cochrane and Jos de Kloe and Charles Karney and Javier Jimenez Shaw and Filipe and George Ouzounoudis and Justin Dearing and Guillaume Lostis and David Hoese and Bas Couwenberg and Brendan Jurd and Christoph Gohlke and Cora Schneck and Daniel McDonald and Mikhail Itkin and Ryan May and Heitor de Bittencourt and Bill Little and Poruri Sai Rahul and Nick Eubank and Neil and Mike Taves},
  title = {pyproj4/pyproj: 3.7.0 Release [Software]},
  journal = {Zenodo},
  year = {2024},
}
@incollection{Almeida2013,
  author    = {J.C.H. Almeida and F.B. Dios and W.U. Mohriak and C. Valeriano and M. Heilbron and L.G. Eirado and E. Tomazzoli},
  title     = {Pre-rift tectonic scenario of the Eo-Cretaceous Gondwana break-up along SE Brazil – SW Africa insights from tholeiitic mafic dykes swarms},
  booktitle = {Geological Society, London, Special Publications},
  volume    = {369},
  pages     = {11--40},
  year      = {2013},
  publisher = {Geological Society of London}
}
@article{EgydioSilva2005,
  author = {Egydio-Silva, M. and Vauchez, A. and Raposo, M.I.R. and Bascou, J. and Uhlein, A.},
  title = {Deformation regime variations in an arcuate transpressional orogen
           ({Ribeira belt, SE Brazil}) imaged by anisotropy of magnetic
           susceptibility in granulites},
  journal = {Journal of Structural Geology},
  year = {2005},
  volume = {27},
  pages = {1750--1764},
  doi = {10.1016/j.jsg.2005.03.010}
}
@misc{Heilbron2016,
  author       = {Heilbron, M. and Eirado, L.G. and Almeida, J.},
  title        = {Mapa Geológico e de Recursos Minerais do Estado do {Rio de Janeiro}},
  year         = {2016},
  howpublished = {Programa Geologia do Brasil (PGB), Mapas Geológicos Estaduais},
  note         = {Escala 1:400.000},
  publisher    = {CPRM-Serviço Geológico do Brasil, Superintendência Regional de Belo Horizonte}
}
@article{Heilbron2008,
author = {M. Heilbron  and C. M. Valeriano  and C. C. G. Tassinari  and J. Almeida  and M. Tupinambá  and O. Siga  and R. Trouw },
title = {Correlation of Neoproterozoic terranes between the {Ribeira Belt, SE
         Brazil} and its {African} counterpart: comparative tectonic evolution and open questions},
journal = {Geological Society, London, Special Publications},
volume = {294},
number = {1},
pages = {211-237},
year = {2008},
doi = {10.1144/SP294.12}
}
@incollection{Trouw2000,
  author    = {Trouw, R.A. and Heilbron, M. and Ribeiro, A. and Paciullo, F. and Valeriano, C.M. and Almeida, J.H. and Tupinambá, M. and Andreis, R.},
  title     = {The central segment of the {Ribeira belt}},
  booktitle = {Geotectonics of South America},
  editor    = {Cordani, U.G. and Milani, E.J. and Thomaz Filho, A. and Campos, D.A.},
  publisher = {31st International Geological Congress (IGC), Special Publication},
  year      = {2000},
  pages     = {297--310}
}
@article{Valeriano2011,
  author    = {Valeriano, C.M. and Tupinambá, M. and Simonetti, A. and Heilbron, M. and Almeida, J.C.H. and Eirado Silva, L.G.},
  title     = {{U-Pb LA-MC-ICPMS geochronology of Cambro-Ordovician post-collisional granites of the Ribeira belt, southeast Brazil: terminal Brasiliano magmatism in central Gondwana supercontinent}},
  journal   = {Journal of South American Earth Sciences},
  volume    = {32},
  number    = {4},
  pages     = {416--428},
  year      = {2011},
  doi       = {10.1016/j.jsames.2011.03.003}
}
@article{Meira2015,
  author    = {Meira, V. T. and Garcia‐Casco, A. and Juliani, C. and Almeida, R. P. and Schorscher, J. H. D.},
  title     = {The role of intracontinental deformation in supercontinent
               assembly: Insights from the {Ribeira Belt, Southeastern Brazil
               (Neoproterozoic Western Gondwana)}},
  journal   = {Terra Nova},
  volume    = {27},
  number    = {3},
  pages     = {206--217},
  year      = {2015},
  doi       = {10.1111/ter.12149}
}
@article{Meira2019,
  author    = {Meira, V. T. and Garcia‐Casco, A. and Hyppolito, T. and Juliani, C. and Schorscher, J. H. D.},
  title     = {Tectono‐metamorphic evolution of the Central {Ribeira Belt, Brazil}: {A} case of late Neoproterozoic intracontinental orogeny and flow of partially molten deep crust during the assembly of {West Gondwana}},
  journal   = {Tectonics},
  volume    = {38},
  pages     = {3182--3209},
  year      = {2019},
  doi       = {10.1029/2018TC004959}
}
@article{Thompson1998,
    author = {Thompson, R. N. and Gibson, S. A. and Mitchell, J. G. and Dickin, A. P. and Leonardos, O. H. and Brod, J. A. and Greenwood, J. C.},
    title = "{Migrating Cretaceous–Eocene Magmatismin the Serra do Mar Alkaline Province, SE Brazil: Melts from the Deflected Trindade Mantle Plume?}",
    journal = {Journal of Petrology},
    volume = {39},
    number = {8},
    pages = {1493-1526},
    year = {1998},
    month = {08},
    issn = {0022-3530},
    doi = {10.1093/petroj/39.8.1493}
}
@article{Heilbron2003,
  author    = {Heilbron, M. and Machado, N.},
  title     = {Timing of terrane accretion in the Neoproterozoic-Eopaleozoic Ribeira orogen (SE Brazil)},
  journal   = {Precambrian Research},
  volume    = {125},
  number    = {1-2},
  pages     = {87--112},
  year      = {2003},
  doi       = {10.1016/S0301-9268(03)00082-2}
}
@article{Heilbron2020,
  author    = {Heilbron, M. and Silva, L. G. do E. and Almeida, J. C. H. de and Tupinambá, M. and Peixoto, C. and Valeriano, C. de M. and Lobato, M. and Rodrigues, S. W. de O. and Ragatky, C. D. and Silva, M. A. and Monteiro, T. and Freitas, N. C. de and Miguens, D. and Girão, R.},
  title     = {Proterozoic to Ordovician geology and tectonic evolution of Rio de Janeiro State, SE-Brazil: insights on the central Ribeira Orogen from the new 1:400,000 scale geologic map},
  journal   = {Brazilian Journal of Geology},
  volume    = {50},
  number    = {2},
  pages     = {e20190099},
  year      = {2020},
  doi       = {10.1590/2317-4889202020190099}
}

@book{Dantas2017,
  title={{Geodiversidade do estado do Rio de Janeiro}},
  author={Dantas, Marcelo Eduardo and Moraes, Juliana Maceira and Ferrassoli, Marcelo Ambr{\'o}sio and Jorge, Marcelo de Queiroz and Hilquias, Victor Augusto},
  year={2017},
  publisher={CPRM},
  keywords={Geodiversidade, Gestão territorial, Meio ambiente, Geologia ambiental, Geoturismo, Rio de Janeiro},
}
@inproceedings{McKinney2010,
  series = {SciPy},
  title = {Data Structures for Statistical Computing in Python},
  ISSN = {2575-9752},
  DOI = {10.25080/majora-92bf1922-00a},
  booktitle = {Proceedings of the 9th Python in Science Conference},
  publisher = {SciPy},
  author = {McKinney,  Wes},
  year = {2010},
  pages = {56–61},
  collection = {SciPy}
}
@article{Saleh2012,
  title = {Applying the regularized derivatives approach in {Euler}
           deconvolution and modeling geophysical data to estimate the deep
           active structures for the northern {Red Sea Rift} region, {E}gypt},
  volume = {42},
  ISSN = {1335-2806},
  DOI = {10.2478/v10126-012-0003-x},
  number = {1},
  journal = {Contributions to Geophysics and Geodesy},
  publisher = {Walter de Gruyter GmbH},
  author = {Saleh,  Salah and Pašteka,  Roman},
  year = {2012},
  month = jan
}
@article{Pateka2009,
  title = {Regularized derivatives of potential fields and their role in semi‐automated interpretation methods},
  volume = {57},
  ISSN = {1365-2478},
  DOI = {10.1111/j.1365-2478.2008.00780.x},
  number = {4},
  journal = {Geophysical Prospecting},
  publisher = {Wiley},
  author = {Pašteka,  R. and Richter,  F.P. and Karcol,  R. and Brazda,  K. and Hajach,  M.},
  year = {2009},
  month = jun,
  pages = {507–516}
}
@article{FitzGerald2004,
  title = {New discrimination techniques for {E}uler deconvolution},
  volume = {30},
  ISSN = {0098-3004},
  DOI = {10.1016/j.cageo.2004.03.006},
  number = {5},
  journal = {Computers \& Geosciences},
  publisher = {Elsevier BV},
  author = {FitzGerald,  Desmond and Reid,  Alan and McInerney,  Philip},
  year = {2004},
  month = jun,
  pages = {461–469}
}
@article{Huang2022,
  title = {Ratio‐{E}uler deconvolution and its applications},
  volume = {70},
  ISSN = {1365-2478},
  DOI = {10.1111/1365-2478.13201},
  number = {6},
  journal = {Geophysical Prospecting},
  publisher = {Wiley},
  author = {Huang,  Liang and Zhang,  Henglei and Li,  Chun‐Feng and Feng,  Jie},
  year = {2022},
  month = may,
  pages = {1016–1032}
}
@inproceedings{Salem2007,
  title = {Generalized magnetic tilt‐{E}uler deconvolution},
  DOI = {10.1190/1.2792530},
  booktitle = {SEG Technical Program Expanded Abstracts 2007},
  publisher = {Society of Exploration Geophysicists},
  author = {Salem,  Ahmed and Smith,  Richard and Williams,  Simon and Ravat,  Dhananjay and Fairhead,  Derek},
  year = {2007},
  month = jan,
  pages = {790–794}
}
@article{Huang2019,
  title = {An improved Tilt-{E}uler deconvolution and its application on a {F}e-polymetallic deposit},
  volume = {114},
  ISSN = {0169-1368},
  DOI = {10.1016/j.oregeorev.2019.103114},
  journal = {Ore Geology Reviews},
  publisher = {Elsevier BV},
  author = {Huang,  Liang and Zhang,  Henglei and Sekelani,  Stence and Wu,  Zhaocai},
  year = {2019},
  month = nov,
  pages = {103114}
}
@article{Melo2013,
  title = {Estimating the nature and the horizontal and vertical positions of
           3D magnetic sources using {E}uler deconvolution},
  volume = {78},
  ISSN = {1942-2156},
  DOI = {10.1190/geo2012-0515.1},
  number = {6},
  journal = {Geophysics},
  publisher = {Society of Exploration Geophysicists},
  author = {Melo,  Felipe F. and Barbosa,  Valeria C. F. and Uieda,  Leonardo and Oliveira Jr.,  Vanderlei C. and Silva,  João B. C.},
  year = {2013},
  month = nov,
  pages = {J87–J98}
}
@article{Melo2018,
  title = {Correct structural index in {E}uler deconvolution via base-level estimates},
  volume = {83},
  ISSN = {1942-2156},
  DOI = {10.1190/geo2017-0774.1},
  number = {6},
  journal = {Geophysics},
  publisher = {Society of Exploration Geophysicists},
  author = {Melo,  Felipe F. and Barbosa,  Valéria C. F.},
  year = {2018},
  month = nov,
  pages = {J87–J98}
}
@article{Florio2013,
  title = {Multiridge {E}uler deconvolution},
  volume = {62},
  ISSN = {1365-2478},
  DOI = {10.1111/1365-2478.12078},
  number = {2},
  journal = {Geophysical Prospecting},
  publisher = {Wiley},
  author = {Florio,  Giovanni and Fedi,  Maurizio},
  year = {2013},
  month = oct,
  pages = {333–351}
}
@article{Salem2003,
  title = {A combined analytic signal and {Euler method (AN‐EUL)} for automatic interpretation of magnetic data},
  volume = {68},
  ISSN = {1942-2156},
  DOI = {10.1190/1.1635049},
  number = {6},
  journal = {Geophysics},
  publisher = {Society of Exploration Geophysicists},
  author = {Salem,  Ahmed and Ravat,  Dhananjay},
  year = {2003},
  month = nov,
  pages = {1952–1961}
}
@article{Silva2003,
  title = {{3D E}uler deconvolution: Theoretical basis for automatically selecting good solutions},
  volume = {68},
  ISSN = {1942-2156},
  DOI = {10.1190/1.1635050},
  number = {6},
  journal = {Geophysics},
  publisher = {Society of Exploration Geophysicists},
  author = {Silva,  João B. C. and Barbosa,  Valéria C. F.},
  year = {2003},
  month = nov,
  pages = {1962–1968}
}
@inproceedings{Uieda2013,
  series = {SciPy},
  title = {Modeling the {Earth with Fatiando a Terra}},
  ISSN = {2575-9752},
  DOI = {10.25080/majora-8b375195-010},
  booktitle = {Proceedings of the 12th Python in Science Conference},
  publisher = {SciPy},
  author = {Uieda,  Leonardo and Oliveira,  Vanderlei and Barbosa,  Valéria},
  year = {2013},
  pages = {92–98},
  collection = {SciPy}
}
@article{Uieda2014,
  title = {Geophysical tutorial: {E}uler deconvolution of potential-field data},
  volume = {33},
  ISSN = {1938-3789},
  DOI = {10.1190/tle33040448.1},
  number = {4},
  journal = {The Leading Edge},
  publisher = {Society of Exploration Geophysicists},
  author = {Uieda,  Leonardo and Oliveira,  Vanderlei C. and Barbosa,  Valéria C. F.},
  year = {2014},
  month = apr,
  pages = {448–450}
}
@book{VanHuffel1991,
  title = {The Total Least Squares Problem: Computational Aspects and Analysis},
  ISBN = {9781611971002},
  DOI = {10.1137/1.9781611971002},
  publisher = {Society for Industrial and Applied Mathematics},
  author = {Van Huffel,  Sabine and Vandewalle,  Joos},
  year = {1991},
  month = jan
}
@article{Mushayandebvu2004,
  title = {Grid Euler deconvolution with constraints for 2D structures},
  volume = {69},
  ISSN = {1942-2156},
  DOI = {10.1190/1.1707069},
  number = {2},
  journal = {GEOPHYSICS},
  publisher = {Society of Exploration Geophysicists},
  author = {Mushayandebvu,  M. F. and Lesur,  V. and Reid,  A. B. and Fairhead,  J. D.},
  year = {2004},
  month = mar,
  pages = {489–496}
}
@article{Gerovska2010,
  title = {Three-dimensional interpretation of magnetic and gravity anomalies using the finite-difference similarity transform},
  volume = {75},
  ISSN = {1942-2156},
  DOI = {10.1190/1.3453765},
  number = {4},
  journal = {GEOPHYSICS},
  publisher = {Society of Exploration Geophysicists},
  author = {Gerovska,  Daniela and Araúzo-Bravo,  Marcos J. and Whaler,  Kathryn and Stavrev,  Petar and Reid,  Alan},
  year = {2010},
  month = jul,
  pages = {L79–L90}
}
@article{Barnes2019,
  author = {Barnes, C. and Majka, J. and Schneider, D. and Walczak, K. and Buka\l{}a, M. and Ko{\' s}mi{\' n}ska, K. and Tokarski, T. and Karlsson, A.},
  journal = {Contributions to Mineralogy and Petrology},
  number = {1},
  year = {2019},
  month = {1},
  pages = {5},
  title = {High-spatial resolution dating of monazite and zircon reveals the timing of subduction--exhumation of the {Vaimok} {Lens} in the {Seve} {Nappe} {Complex} ({Scandinavian} {Caledonides})},
  volume = {174},
  doi = {10.1007/s00410-018-1539-1},
  issn = {0010-7999},
}

@article{Verberne2020,
  author = {Verberne, R. and Reddy, S. M. and Saxey, D. W. and Fougerouse, D. and Rickard, W. D. A. and Plavsa, D. and Agangi, A. and Kylander-Clark, A. R. C.},
  journal = {Geology},
  number = {11},
  year = {2020},
  month = {1},
  pages = {1126--1130},
  title = {The geochemical and geochronological implications of nanoscale trace-element clusters in rutile},
  volume = {48},
  doi = {10.1130/G48017.1},
  issn = {19432682},
}

@article{Davidson2007,
  author = {Davidson, J. P. and Morgan, D. J. and Charlier, B. L.A. and Harlou, R. and Hora, J. M.},
  journal = {Annual Review of Earth and Planetary Sciences},
  year = {2007},
  pages = {273--311},
  title = {Microsampling and isotopic analysis of igneous rocks: Implications for the study of magmatic systems},
  volume = {35},
  doi = {10.1146/annurev.earth.35.031306.140211},
  issn = {00846597},
}

@book{Dunlop1997,
  author = {Dunlop, D. J. and {\" O}zdemir, O.},
  year = {1997},
  month = {7},
  pages = {573},
  publisher = {Cambridge University Press},
  title = {Rock {Magnetism} {Fundamentals} and {Frontiers}},
  doi = {10.1017/cbo9780511612794},
  issn = {9780511612794},
}

@article{Lima2014,
  author = {Lima, E. A. and Bruno, A. C. and Carvalho, H. R. and Weiss, B. P.},
  journal = {Measurement Science and Technology},
  number = {10},
  year = {2014},
  month = {10},
  pages = {105401},
  title = {Scanning magnetic tunnel junction microscope for high-resolution imaging of remanent magnetization fields},
  volume = {25},
  doi = {10.1088/0957-0233/25/10/105401},
  issn = {13616501},
}

@article{Berndt2016,
  author = {Berndt, T. and Muxworthy, A. R. and Fabian, K.},
  journal = {Journal of Geophysical Research: Solid Earth},
  number = {1},
  year = {2016},
  month = {1},
  pages = {15--26},
  title = {Does size matter? {Statistical} limits of paleomagnetic field reconstruction from small rock specimens},
  volume = {121},
  doi = {10.1002/2015JB012441},
  issn = {21699356},
}

@article{DeGroot2021,
  author = {de Groot, L. V. and Fabian, K. and B{\' e}guin, A. and Kosters, M. E. and Cort{\' e}s-Ortu{\~ n}o, D. and Fu, R. R. and Jansen, C. M.L. and Harrison, R. J. and Leeuwen, T. and Barnhoorn, A.},
  journal = {Journal of Geophysical Research: Solid Earth},
  number = {10},
  year = {2021},
  month = {10},
  pages = {e2021JB022364},
  title = {Micromagnetic {Tomography} for {Paleomagnetism} and {Rock}-{Magnetism}},
  volume = {126},
  doi = {10.1029/2021JB022364},
  issn = {21699356},
}

@article{DeGroot2018,
  author = {de Groot, L. V. and Fabian, K. and B{\' e}guin, A. and Reith, P. and Barnhoorn, A. and Hilgenkamp, H.},
  journal = {Geophysical Research Letters},
  number = {7},
  year = {2018},
  month = {4},
  pages = {2995--3000},
  title = {Determining {Individual} {Particle} {Magnetizations} in {Assemblages} of {Micrograins}},
  volume = {45},
  doi = {10.1002/2017GL076634},
  issn = {19448007},
}

@article{Weiss2007,
  author = {Weiss, B. P. and Lima, E. A. and Fong, L. E. and Baudenbacher, F. J.},
  journal = {Journal of Geophysical Research: Solid Earth},
  number = {9},
  year = {2007},
  pages = {9105},
  title = {Paleomagnetic analysis using {SQUID} microscopy},
  volume = {112},
  doi = {10.1029/2007JB004940},
  issn = {21699356},
}

@article{Fabian2019,
  author = {Fabian, K. and de Groot, L. V.},
  journal = {Geophysical Journal International},
  number = {2},
  year = {2019},
  month = {2},
  pages = {760--766},
  title = {A uniqueness theorem for tomography-assisted potential-field inversion},
  volume = {216},
  doi = {10.1093/GJI/GGY455},
  issn = {0956-540X},
}

@article{CortesOrtuno2022,
  author = {Cort{\'{e}}s‐Ortu{\~{n}}o, D. and Fabian, K. and Groot, L. V.},
  journal = {Journal of Geophysical Research: Solid Earth},
  number = {5},
  year = {2022},
  month = {5},
  title = {Mapping {Magnetic} {Signals} of {Individual} {Magnetite} {Grains} to {Their} {Internal} {Magnetic} {Configurations} {Using} {Micromagnetic} {Models}},
  volume = {127},
  doi = {10.1029/2022JB024234},
  issn = {2169-9313},
}

@article{Oliveira2015Estimation,
  author = {Oliveira Jr., V. C. and Sales, D. P. and Barbosa, V. C. F. and Uieda, L.},
  journal = {Nonlinear Processes in Geophysics},
  number = {2},
  year = {2015},
  month = {4},
  pages = {215--232},
  title = {Estimation of the total magnetization direction of approximately spherical bodies},
  volume = {22},
  doi = {10.5194/npg-22-215-2015},
  issn = {16077946},
}

@article{Barbosa2011,
  author = {Barbosa, V. C. F. and Silva, J. B. C.},
  journal = {Geophysical Prospecting},
  number = {6},
  year = {2011},
  month = {11},
  pages = {1021--1034},
  title = {Reconstruction of geologic bodies in depth associated with a sedimentary basin using gravity and magnetic data},
  volume = {59},
  doi = {10.1111/j.1365-2478.2011.00997.x},
  issn = {00168025},
}

@article{DeGroot2014,
  author = {de Groot, L. V. and Fabian, K. and Bakelaar, I. A. and Dekkers, M. J.},
  journal = {Nature Communications},
  number = {1},
  year = {2014},
  month = {8},
  pages = {1--10},
  title = {Magnetic force microscopy reveals meta-stable magnetic domain states that prevent reliable absolute palaeointensity experiments},
  volume = {5},
  doi = {10.1038/ncomms5548},
  issn = {20411723},
}

@article{Glenn2017,
  author = {Glenn, D. R. and Fu, R. R. and Kehayias, P. and Le Sage, D. and Lima, E. A. and Weiss, B. P. and Walsworth, R. L.},
  journal = {Geochemistry, Geophysics, Geosystems},
  number = {8},
  year = {2017},
  month = {8},
  pages = {3254--3267},
  title = {Micrometer-scale magnetic imaging of geological samples using a quantum diamond microscope},
  volume = {18},
  doi = {10.1002/2017GC006946},
  issn = {15252027},
}

@article{Lima2013,
  author = {Lima, E. A. and Weiss, B. P. and Baratchart, L. and Hardin, D. P. and Saff, E. B.},
  journal = {Journal of Geophysical Research: Solid Earth},
  number = {6},
  year = {2013},
  month = {6},
  pages = {2723--2752},
  title = {Fast inversion of magnetic field maps of unidirectional planar geological magnetization},
  volume = {118},
  doi = {10.1002/jgrb.50229},
  issn = {21699356},
}

@article{Nabighian2005,
  author = {Nabighian, M. N. and Grauch, V. J. S. and Hansen, R. O. and LaFehr, T. R. and Li, Y. and Peirce, J. W. and Phillips, J. D. and Ruder, M. E.},
  journal = {GEOPHYSICS},
  number = {6},
  year = {2005},
  month = {11},
  pages = {33ND--61ND},
  title = {The historical development of the magnetic method in exploration},
  volume = {70},
  doi = {10.1190/1.2133784},
  issn = {0016-8033},
}

@article{Kong2013,
  author = {Kong, H. and Akakin, H. C. and Sarma, S. E.},
  journal = {IEEE Transactions on Cybernetics},
  number = {6},
  year = {2013},
  month = {12},
  pages = {1719--1733},
  title = {A {Generalized} {Laplacian} of {Gaussian} {Filter} for {Blob} {Detection} and {Its} {Applications}},
  volume = {43},
  doi = {10.1109/TSMCB.2012.2228639},
  issn = {2168-2267},
}

@article{Ait2019Hydro,
  author = {Ait Brahim, Yassine and Bouchaou, Lhoussaine and Sifeddine, Abdelfettah and Beraaouz, El Hassane and Wanaim, Abderrahmane and Cheng, Hai},
  journal = {Environmental Earth Sciences},
  number = {16},
  year = {2019},
  month = {8},
  title = {Hydro-climate characteristics of the karst system of {Wintimdouine} cave ({Western} {High} {Atlas}, {Morocco}): monitoring and implications for paleoclimate research},
  volume = {78},
  doi = {10.1007/s12665-019-8496-5},
  issn = {1866-6280},
}

@book{Blakely1996,
  address = {Cambridge},
  author = {Blakely, R. J.},
  year = {1996},
  pages = {461},
  publisher = {Cambridge University Press},
  title = {Potential {Theory} in {Gravity} and {Magnetic} {Applications}},
}

@article{Roest1992Magnetic,
  author = {Roest, Walter R. and Verhoef, Jacob and Pilkington, Mark},
  journal = {GEOPHYSICS},
  number = {1},
  year = {1992},
  month = {1},
  pages = {116--125},
  title = {Magnetic interpretation using the 3-{D} analytic signal},
  volume = {57},
  doi = {10.1190/1.1443174},
  issn = {0016-8033},
}

@article{Lima2009,
  author = {Lima, E. A. and Weiss, B. P.},
  journal = {Journal of Geophysical Research: Solid Earth},
  number = {6},
  year = {2009},
  month = {6},
  pages = {6102},
  title = {Obtaining vector magnetic field maps from single-component measurements of geological samples},
  volume = {114},
  doi = {10.1029/2008JB006006},
  issn = {21699356},
}

@article{Melo2013,
  author = {Melo, F. F. and Barbosa, V. C. F. and Uieda, L. and Oliveira, V. C. and Silva, J. B. C.},
  journal = {Geophysics},
  number = {6},
  year = {2013},
  month = {11},
  pages = {J87--J98},
  title = {Estimating the nature and the horizontal and vertical positions of 3D magnetic sources using {Euler} deconvolution},
  volume = {78},
  doi = {10.1190/GEO2012-0515.1},
  issn = {00168033},
}

@inproceedings{Han2016,
  author = {Han, K. T. M. and Uyyanonvara, B.},
  booktitle = {7th {International} {Conference} of {Information} and {Communication} {Technology} for {Embedded} {Systems} ({IC}-{ICTES})},
  year = {2016},
  month = {3},
  pages = {57--60},
  organization = {IEEE},
  title = {A {Survey} of {Blob} {Detection} {Algorithms} for {Biomedical} {Images}},
  doi = {10.1109/ICTEmSys.2016.7467122},
  issn = {978-1-5090-2249-6},
}

@article{Reid1990,
  author = {Reid, A. B. and Allsop, J. M. and Granser, H. and Millett, A. J. and Somerton, I. W.},
  journal = {GEOPHYSICS},
  number = {1},
  year = {1990},
  month = {1},
  pages = {80--91},
  title = {Magnetic interpretation in three dimensions using {Euler} deconvolution},
  volume = {55},
  doi = {10.1190/1.1442774},
  issn = {00168033},
}

@article{Thompson1982,
  author = {Thompson, D. T.},
  journal = {Geophysics},
  number = {1},
  year = {1982},
  month = {2},
  pages = {31--37},
  title = {EULDPH: a new technique for making computer-assisted depth estimates from magnetic data.},
  volume = {47},
  doi = {10.1190/1.1441278},
  issn = {00168033},
}

@article{VanderWalt2014,
  author = {Van der Walt, S. and Sch{\" o}nberger, J. L. and Nunez-Iglesias, J. and Boulogne, F. and Warner, J. D. and Yager, N. and Gouillart, E. and Yu, T.},
  journal = {PeerJ},
  year = {2014},
  month = {6},
  pages = {e453},
  title = {scikit-image: image processing in {Python} [Software]},
  volume = {2},
  doi = {10.7717/peerj.453},
  issn = {2167-8359},
}

@book{Tauxe2018,
  note = {[Online; accessed 2021-04-15]},
  author = {Tauxe, L. and Banerjee, S. K. and Butler, R. F. and Van der Voo, R.},
  year = {2018},
  title = {{Essentials} of {Paleomagnetism}: Fifth {Web} {Edition}},
}

@article{Maldanis2020,
  author = {Maldanis, L. and Hickman-Lewis, K. and Verezhak, M. and Gueriau, P. and Guizar-Sicairos, M. and Jaqueto, P. and Trindade, R. I. F. and Rossi, A. L. and Berenguer, F. and Westall, F. and Bertrand, L. and Galante, D.},
  journal = {Scientific Reports 2020 10:1},
  number = {1},
  year = {2020},
  month = {5},
  pages = {1--9},
  title = {Nanoscale 3D quantitative imaging of 1.88 {Ga} {Gunflint} microfossils reveals novel insights into taphonomic and biogenic characters},
  volume = {10},
  doi = {10.1038/s41598-020-65176-w},
  issn = {2045-2322},
}

@article{Fu2020,
  author = {Fu, R. R. and Lima, E. A. and Volk, M. W.R. and Trubko, R.},
  journal = {Geochemistry, Geophysics, Geosystems},
  number = {8},
  year = {2020},
  month = {8},
  pages = {e2020GC009147},
  title = {High-{Sensitivity} {Moment} {Magnetometry} {With} the {Quantum} {Diamond} {Microscope}},
  volume = {21},
  doi = {10.1029/2020GC009147},
  issn = {15252027},
}

@incollection{Strum2014,
author = {Strum, A. and Fenigstein, A.},
booktitle = {High Performance Silicon Imaging},
doi = {10.1533/9780857097521.2.348},
pages = {348--372},
publisher = {Elsevier},
title = {{Complementary metal-oxide-semiconductor (CMOS) X-ray sensors}},
year = {2014}
}

@article{Myre2019,
author = {Myre, Joseph M. and Lascu, Ioan and Lima, Eduardo A. and Feinberg, Joshua M. and Saar, Martin O. and Weiss, Benjamin P.},
doi = {10.1186/s40623-019-0988-8},
issn = {1880-5981},
journal = {Earth, Planets and Space},
month = {dec},
number = {1},
pages = {14},
title = {{Using TNT-NN to unlock the fast full spatial inversion of large magnetic microscopy data sets}},
volume = {71},
year = {2019}
}

@article{CortesOrtuno2021,
author = {Cort{\'{e}}s‐Ortu{\~{n}}o, D. and Fabian, K. and de Groot, L. V.},
doi = {10.1029/2021GC009663},
issn = {1525-2027},
journal = {Geochemistry, Geophysics, Geosystems},
month = {apr},
number = {4},
title = {{Single Particle Multipole Expansions From Micromagnetic Tomography}},
volume = {22},
year = {2021}
}

@book{Aster2019,
address = {San Diego, USA},
author = {Aster, R. C. and Borchers, B. and Thurber, C. H.},
doi = {10.1016/C2015-0-02458-3},
isbn = {9780128046517},
publisher = {Elsevier},
title = {{Parameter Estimation and Inverse Problems}},
year = {2019}
}

@article{Baratchart2013,
author = {Baratchart, L. and Hardin, D. P. and Lima, E. A. and Saff, E. B. and Weiss, B. P.},
doi = {10.1088/0266-5611/29/1/015004},
issn = {02665611},
journal = {Inverse Problems},
month = {jan},
number = {1},
pages = {015004},
publisher = {IOP Publishing},
title = {{Characterizing kernels of operators related to thin-plate magnetizations via generalizations of Hodge decompositions}},
volume = {29},
year = {2013}
}


@article{Nagy2017,
abstract = {When magnetic crystals form in rocks and meteorites, they can record the ancient magnetic field and retain this information over geological timescales. Scientists use these magnetic recordings to study the evolution of the Earth and the Solar System. Previous theories for the recording mechanisms of the magnetic crystals in rocks and meteorites are based on the idea that the magnetic structures within crystals are near uniform. However, from numerous studies we know this not to be true. The crystals are too large in size and display complex nonuniform “vortex” structures. In this study we have shown that vortex structures are capable of recording and retaining magnetic signals over billions of years.},
author = {Nagy, L. and Williams, W. and Muxworthy, A. R. and Fabian, K. and Almeida, T. P. and Conbhu{\'{i}}, P. {\'{O}} and Shcherbakov, V. P.},
doi = {10.1073/PNAS.1708344114},
file = {:C\:/Users/gelso/AppData/Local/Mendeley Ltd./Mendeley Desktop/Downloaded/Nagy et al. - 2017 - Stability of equidimensional pseudo–single-domain magnetite over billion-year timescales.pdf:pdf},
issn = {0027-8424},
journal = {Proceedings of the National Academy of Sciences},
keywords = {Geomagnetism,Micromagnetics,Paleomagnetism,Thermal stability,Thermoremanence},
month = {sep},
number = {39},
pages = {10356--10360},
pmid = {28874562},
publisher = {National Academy of Sciences},
title = {{Stability of equidimensional pseudo–single-domain magnetite over billion-year timescales}},
volume = {114},
year = {2017}
}


@inproceedings{carmo2019speleothem,
  title={Speleothem derived secular variation in Morocco for the past 6000 years},
  author={Carmo, J. A. and Trindade, R. I. F. and Jaqueto, P. and Cruz, F. W. and Brahim, Y. A. and Cheng, H.},
  booktitle={AGU Fall Meeting Abstracts},
  year={2019},
  address={San Francisco},
  organization={AGU Fall Meeting}
}

@article{Hunter2007,
   author = {Hunter, J. D.},
   title = {{Matplotlib}: A 2D graphics environment [Software]},
   journal = {Computing in Science \& Engineering},
   volume = {9},
   number = {3},
   pages = {90--95},
   year = {2007},
   doi = {10.1109/MCSE.2007.55}
}

@article{harmonica2020,
  author       = {{Fatiando a Terra Project} and
                  Esteban, Federico D. and
                  Li, Lu and
                  Oliveira Jr, Vanderlei C and
                  Pesce, Agustina and
                  Shea, Nicholas and
                  Soler, Santiago R. and
                  Tankersley, Matthew and
                  Uieda, Leonardo},
  title        = {{Harmonica v0.6.0: Forward modeling, inversion, and
                   processing gravity and magnetic data [Software]}},
  month        = mar,
  year         = 2023,
  journal    = {Zenodo},
  doi          = {10.5281/zenodo.7690145},
}

@article{choclo2022,
  author       = {{Fatiando a Terra Project} and
                  Soler, Santiago R. and
                  Uieda, Leonardo},
  title        = {{Choclo v0.0.1: Kernel functions for your
                   geophysical models [Software]}},
  month        = nov,
  year         = 2022,
  journal    = {Zenodo},
  doi          = {10.5281/zenodo.7851748},
}
}

@article{Egli2000,
author = {Egli, Ramon and Heller, Friedrich},
doi = {10.1029/2000JB900192},
issn = {2156-2202},
journal = {Journal of Geophysical Research: Solid Earth},
keywords = {doi:10.1029/2000JB900192,http://dx.doi.org/10.1029/2000JB900192},
month = {nov},
number = {B11},
pages = {25709--25727},
publisher = {John Wiley & Sons, Ltd},
title = {{High-resolution imaging using a high-Tc  superconducting quantum interference device (SQUID) magnetometer}},
volume = {105},
year = {2000}
}

@article{Lima2016,
author = {Lima, Eduardo A. and Weiss, Benjamin P.},
doi = {10.1002/2016GC006487},
issn = {15252027},
journal = {Geochemistry, Geophysics, Geosystems},
month = {sep},
number = {9},
pages = {3754--3774},
title = {{Ultra-high sensitivity moment magnetometry of geological samples using magnetic microscopy}},
volume = {17},
year = {2016}
}

@article{Cnudde2013,
author = {Cnudde, V. and Boone, M.N.},
doi = {10.1016/j.earscirev.2013.04.003},
issn = {00128252},
journal = {Earth-Science Reviews},
month = {aug},
pages = {1--17},
title = {{High-resolution X-ray computed tomography in geosciences: A review of the current technology and applications}},
volume = {123},
year = {2013}
}

@article{Marr1980,
author = {Marr, D. and Hildreth, E.},
doi = {10.1098/rspb.1980.0020},
issn = {0080-4649},
journal = {Proceedings of the Royal Society of London. Series B. Biological Sciences},
month = {feb},
number = {1167},
pages = {187--217},
title = {{Theory of edge detection}},
volume = {207},
year = {1980}
}

@book{gonzalez2018,
  title={Digital Image Processing},
  author={Gonzalez, Rafael C. and Woods, Richard E.},
  year={2018},
  publisher={Pearson},
  edition={4th},
  isbn={9780133356724}
}

@misc{mplstereonet,
  author = {Kington, J.},
  year = {2020},
  title = {mplstereonet v0.6 [Software]},
  note = {Accessed: 2023-04-21}
}


@article{Koster2023,
  author = {Kosters, M. E. and de Boer, R. A. and Out, F. and Cortés-Ortuño, D. I. and de Groot, L. V.},
  title = {Unraveling the magnetic signal of individual grains in a Hawaiian lava using Micromagnetic Tomography},
  journal = {Geochemistry, Geophysics, Geosystems},
  year = {2023},
  volume = {24},
  number = {4},
  pages = {e2022GC010462},
  doi = {10.1029/2022GC010462}
}

@article{Reis2016,
author = {Reis, A. L. A. and Oliveira Jr., V. C. and Yokoyama, E. and Bruno, A. C. and Pereira, J. M. B.},
title = {Estimating the magnetization distribution within rectangular rock samples},
journal = {Geochemistry, Geophysics, Geosystems},
volume = {17},
number = {8},
pages = {3350-3374},
keywords = {magnetic anomalies, rock and mineral magnetism, instruments and techniques, paleomagnetism, magnetic inversion},
doi = {https://doi.org/10.1002/2016GC006329},
year = {2016}
}

@misc{janinedata,
  doi = {10.6084/M9.FIGSHARE.22965200.V1},
  author = {Carmo, J. A. and Fu,  R. and Trindade,  R. I. F. and Piascik,  S.},
  keywords = {Magnetism and palaeomagnetism},
  title = {QDM magnetic microscopy dataset of a speleothem from Morocco [Dataset]},
  journal = {figshare},
  year = {2023},
  copyright = {Creative Commons Zero v1.0 Universal}
}
@article{figshare-micromag-interf,
  doi = {10.5281/zenodo.15132658},
  author = {Souza-Junior,  Gelson F. and Uieda,  Leonardo and Trindade,  Ricardo I. F. and Fu,  Roger and Bellon, Ualisson D. and Castro, Yago M.},
  title = {Supplementary material for "{R}obust directional analysis of magnetic microscopy images using non-linear inversion and iterative {E}uler deconvolution" [{D}ataset]},
  journal = {Zenodo},
  year = {2025},
  copyright = {Creative Commons Attribution 4.0 International}
}

@article{VanderWalt2014,
  author = {Van der Walt, S. and Sch{\" o}nberger, J. L. and Nunez-Iglesias, J. and Boulogne, F. and Warner, J. D. and Yager, N. and Gouillart, E. and Yu, T.},
  journal = {PeerJ},
  year = {2014},
  month = {6},
  pages = {e453},
  title = {scikit-image: image processing in {Python} [Software]},
  volume = {2},
  doi = {10.7717/peerj.453},
  issn = {2167-8359},
}

@article{Barnes2019,
  author = {Barnes, C. and Majka, J. and Schneider, D. and Walczak, K. and Buka\l{}a, M. and Ko{\' s}mi{\' n}ska, K. and Tokarski, T. and Karlsson, A.},
  journal = {Contributions to Mineralogy and Petrology},
  number = {1},
  year = {2019},
  month = {1},
  pages = {5},
  title = {High-spatial resolution dating of monazite and zircon reveals the timing of subduction--exhumation of the {Vaimok} {Lens} in the {Seve} {Nappe} {Complex} ({Scandinavian} {Caledonides})},
  volume = {174},
  doi = {10.1007/s00410-018-1539-1},
  issn = {0010-7999},
}

@article{Verberne2020,
  author = {Verberne, R. and Reddy, S. M. and Saxey, D. W. and Fougerouse, D. and Rickard, W. D. A. and Plavsa, D. and Agangi, A. and Kylander-Clark, A. R. C.},
  journal = {Geology},
  number = {11},
  year = {2020},
  month = {1},
  pages = {1126--1130},
  title = {The geochemical and geochronological implications of nanoscale trace-element clusters in rutile},
  volume = {48},
  doi = {10.1130/G48017.1},
  issn = {19432682},
}

@article{Davidson2007,
  author = {Davidson, J. P. and Morgan, D. J. and Charlier, B. L.A. and Harlou, R. and Hora, J. M.},
  journal = {Annual Review of Earth and Planetary Sciences},
  year = {2007},
  pages = {273--311},
  title = {Microsampling and isotopic analysis of igneous rocks: Implications for the study of magmatic systems},
  volume = {35},
  doi = {10.1146/annurev.earth.35.031306.140211},
  issn = {00846597},
}

@book{Dunlop1997,
  author = {Dunlop, D. J. and {\" O}zdemir, O.},
  year = {1997},
  month = {7},
  pages = {573},
  publisher = {Cambridge University Press},
  title = {Rock {Magnetism} {Fundamentals} and {Frontiers}},
  doi = {10.1017/cbo9780511612794},
  issn = {9780511612794},
}

@article{Lima2014,
  author = {Lima, E. A. and Bruno, A. C. and Carvalho, H. R. and Weiss, B. P.},
  journal = {Measurement Science and Technology},
  number = {10},
  year = {2014},
  month = {10},
  pages = {105401},
  title = {Scanning magnetic tunnel junction microscope for high-resolution imaging of remanent magnetization fields},
  volume = {25},
  doi = {10.1088/0957-0233/25/10/105401},
  issn = {13616501},
}

@article{Berndt2016,
  author = {Berndt, T. and Muxworthy, A. R. and Fabian, K.},
  journal = {Journal of Geophysical Research: Solid Earth},
  number = {1},
  year = {2016},
  month = {1},
  pages = {15--26},
  title = {Does size matter? {Statistical} limits of paleomagnetic field reconstruction from small rock specimens},
  volume = {121},
  doi = {10.1002/2015JB012441},
  issn = {21699356},
}


@article{Glenn2017,
  author = {Glenn, D. R. and Fu, R. R. and Kehayias, P. and Le Sage, D. and Lima, E. A. and Weiss, B. P. and Walsworth, R. L.},
  journal = {Geochemistry, Geophysics, Geosystems},
  number = {8},
  year = {2017},
  month = {8},
  pages = {3254--3267},
  title = {Micrometer-scale magnetic imaging of geological samples using a quantum diamond microscope},
  volume = {18},
  doi = {10.1002/2017GC006946},
  issn = {15252027},
}


@article{Lima2009,
  author = {Lima, E. A. and Weiss, B. P.},
  journal = {Journal of Geophysical Research: Solid Earth},
  number = {6},
  year = {2009},
  month = {6},
  pages = {6102},
  title = {Obtaining vector magnetic field maps from single-component measurements of geological samples},
  volume = {114},
  doi = {10.1029/2008JB006006},
  issn = {21699356},
}

@article{Fu2020,
  author = {Fu, R. R. and Lima, E. A. and Volk, M. W.R. and Trubko, R.},
  journal = {Geochemistry, Geophysics, Geosystems},
  number = {8},
  year = {2020},
  month = {8},
  pages = {e2020GC009147},
  title = {High-{Sensitivity} {Moment} {Magnetometry} {With} the {Quantum} {Diamond} {Microscope}},
  volume = {21},
  doi = {10.1029/2020GC009147},
  issn = {15252027},
}


@article{CortesOrtuno2021,
author = {Cort{\'{e}}s‐Ortu{\~{n}}o, D. and Fabian, K. and de Groot, L. V.},
doi = {10.1029/2021GC009663},
issn = {1525-2027},
journal = {Geochemistry, Geophysics, Geosystems},
month = {apr},
number = {4},
title = {{Single Particle Multipole Expansions From Micromagnetic Tomography}},
volume = {22},
year = {2021}
}

@article{Baratchart2013,
author = {Baratchart, L. and Hardin, D. P. and Lima, E. A. and Saff, E. B. and Weiss, B. P.},
doi = {10.1088/0266-5611/29/1/015004},
issn = {02665611},
journal = {Inverse Problems},
month = {jan},
number = {1},
pages = {015004},
publisher = {IOP Publishing},
title = {{Characterizing kernels of operators related to thin-plate magnetizations via generalizations of Hodge decompositions}},
volume = {29},
year = {2013}
}


@article{Nagy2017,
abstract = {When magnetic crystals form in rocks and meteorites, they can record the ancient magnetic field and retain this information over geological timescales. Scientists use these magnetic recordings to study the evolution of the Earth and the Solar System. Previous theories for the recording mechanisms of the magnetic crystals in rocks and meteorites are based on the idea that the magnetic structures within crystals are near uniform. However, from numerous studies we know this not to be true. The crystals are too large in size and display complex nonuniform “vortex” structures. In this study we have shown that vortex structures are capable of recording and retaining magnetic signals over billions of years.},
author = {Nagy, L. and Williams, W. and Muxworthy, A. R. and Fabian, K. and Almeida, T. P. and Conbhu{\'{i}}, P. {\'{O}} and Shcherbakov, V. P.},
doi = {10.1073/PNAS.1708344114},
issn = {0027-8424},
journal = {Proceedings of the National Academy of Sciences},
keywords = {Geomagnetism,Micromagnetics,Paleomagnetism,Thermal stability,Thermoremanence},
month = {sep},
number = {39},
pages = {10356--10360},
pmid = {28874562},
publisher = {National Academy of Sciences},
title = {{Stability of equidimensional pseudo–single-doIn contrast, the basalt sample produced an angular misfit of less than 5 degrees
(Figure 8), a result that was not anticipated given the high particle density, particularly the presence
of MD grains. This density violates a key assumption of the method, namely that each window
should ideally contain a single particle (Souza-Junior et al., 2024). main magnetite over billion-year timescales}},
volume = {114},
year = {2017}
}

@inproceedings{carmo2019speleothem,
  title={Speleothem derived secular variation in Morocco for the past 6000 years},
  author={Carmo, J. A. and Trindade, R. I. F. and Jaqueto, P. and Cruz, F. W. and Brahim, Y. A. and Cheng, H.},
  booktitle={AGU Fall Meeting Abstracts},
  year={2019},
  address={San Francisco},
  organization={AGU Fall Meeting}
}

@article{harmonica2020,
  author       = {{Fatiando a Terra Project} and
                  Esteban, Federico D. and
                  Li, Lu and
                  Oliveira Jr, Vanderlei C and
                  Pesce, Agustina and
                  Shea, Nicholas and
                  Soler, Santiago R. and
                  Tankersley, Matthew and
                  Uieda, Leonardo},
  title        = {{Harmonica v0.6.0: Forward modeling, inversion, and
                   processing gravity and magnetic data [Software]}},
  month        = mar,
  year         = 2023,
  journal    = {Zenodo},
  doi          = {10.5281/zenodo.7690145},
}

@article{choclo2022,
  author       = {{Fatiando a Terra Project} and
                  Soler, Santiago R. and
                  Uieda, Leonardo},
  title        = {{Choclo v0.0.1: Kernel functions for your
                   geophysical models [Software]}},
  month        = nov,
  year         = 2022,
  journal    = {Zenodo},
  doi          = {10.5281/zenodo.7851748},
}
}

@article{hoyer2017xarray,
  title     = {xarray: {N-D} labeled arrays and datasets in {Python} [Software]},
  author    = {Hoyer, S. and J. Hamman},
  journal   = {Journal of Open Research Software},
  volume    = {5},
  number    = {1},
  year      = {2017},
  publisher = {Ubiquity Press},
  doi       = {10.5334/jors.148}
}

@article{Egli2000,
author = {Egli, Ramon and Heller, Friedrich},
doi = {10.1029/2000JB900192},
issn = {2156-2202},
journal = {Journal of Geophysical Research: Solid Earth},
keywords = {doi:10.1029/2000JB900192,http://dx.doi.org/10.1029/2000JB900192},
month = {nov},
number = {B11},
pages = {25709--25727},
publisher = {John Wiley \& Sons, Ltd},
title = {{High-resolution imaging using a high-Tc  superconducting quantum interference device (SQUID) magnetometer}},
volume = {105},
year = {2000}
}

@misc{mplstereonet,
  author = {Kington, J.},
  year = {2020},
  title = {mplstereonet v0.6 [Software]},
  note = {Accessed: 2023-04-21}
}


@article{Koster2023,
  author = {Kosters, M. E. and de Boer, R. A. and Out, F. and Cortés-Ortuño, D. I. and de Groot, L. V.},
  title = {Unraveling the magnetic signal of individual grains in a Hawaiian lava using Micromagnetic Tomography},
  journal = {Geochemistry, Geophysics, Geosystems},
  year = {2023},
  volume = {24},
  number = {4},
  pages = {e2022GC010462},
  doi = {10.1029/2022GC010462}
}

@article{Reis2016,
author = {Reis, A. L. A. and Oliveira Jr., V. C. and Yokoyama, E. and Bruno, A. C. and Pereira, J. M. B.},
title = {Estimating the magnetization distribution within rectangular rock samples},
journal = {Geochemistry, Geophysics, Geosystems},
volume = {17},
number = {8},
pages = {3350-3374},
keywords = {magnetic anomalies, rock and mineral magnetism, instruments and techniques, paleomagnetism, magnetic inversion},
doi = {https://doi.org/10.1002/2016GC006329},
year = {2016}
}

@misc{sourcearchive-micromag-euler-dipole,
  doi = {10.6084/M9.FIGSHARE.22672978},
  author = {Souza Junior,  Gelson F. and Uieda,  Leonardo and Trindade,  Ricardo and Carmo,  Janine and Fu,  Roger},
  keywords = {Geophysics not elsewhere classified},
  title = {Supplementary material for "Full vector inversion of magnetic microscopy images using Euler deconvolution as a priori information" [Dataset]},
  journal = {figshare},
  year = {2023},
  copyright = {Creative Commons Attribution 4.0 International}
}

@misc{janinedata,
  doi = {10.6084/M9.FIGSHARE.22965200.V1},
  author = {Carmo, J. A. and Fu,  R. and Trindade,  R. I. F. and Piascik,  S.},
  keywords = {Magnetism and palaeomagnetism},
  title = {QDM magnetic microscopy dataset of a speleothem from Morocco [Dataset]},
  journal = {figshare},
  year = {2023},
  copyright = {Creative Commons Zero v1.0 Universal}
}


@article{Barnes2019,
  author = {Barnes, C. and Majka, J. and Schneider, D. and Walczak, K. and Buka\l{}a, M. and Ko{\' s}mi{\' n}ska, K. and Tokarski, T. and Karlsson, A.},
  journal = {Contributions to Mineralogy and Petrology},
  number = {1},
  year = {2019},
  month = {1},
  pages = {5},
  title = {High-spatial resolution dating of monazite and zircon reveals the timing of subduction--exhumation of the {Vaimok} {Lens} in the {Seve} {Nappe} {Complex} ({Scandinavian} {Caledonides})},
  volume = {174},
  doi = {10.1007/s00410-018-1539-1},
  issn = {0010-7999},
}


@article{DeGroot2021,
  author = {de Groot, L. V. and Fabian, K. and B{\' e}guin, A. and Kosters, M. E. and Cort{\' e}s-Ortu{\~ n}o, D. and Fu, R. R. and Jansen, C. M.L. and Harrison, R. J. and Leeuwen, T. and Barnhoorn, A.},
  journal = {Journal of Geophysical Research: Solid Earth},
  number = {10},
  year = {2021},
  month = {10},
  pages = {e2021JB022364},
  title = {Micromagnetic {Tomography} for {Paleomagnetism} and {Rock}-{Magnetism}},
  volume = {126},
  doi = {10.1029/2021JB022364},
  issn = {21699356},
}

@article{DeGroot2018,
  author = {de Groot, L. V. and Fabian, K. and B{\' e}guin, A. and Reith, P. and Barnhoorn, A. and Hilgenkamp, H.},
  journal = {Geophysical Research Letters},
  number = {7},
  year = {2018},
  month = {4},
  pages = {2995--3000},
  title = {Determining {Individual} {Particle} {Magnetizations} in {Assemblages} of {Micrograins}},
  volume = {45},
  doi = {10.1002/2017GL076634},
  issn = {19448007},
}

@article{Weiss2007,
  author = {Weiss, B. P. and Lima, E. A. and Fong, L. E. and Baudenbacher, F. J.},
  journal = {Journal of Geophysical Research: Solid Earth},
  number = {9},
  year = {2007},
  month = {9},
  pages = {9105},
  title = {Paleomagnetic analysis using {SQUID} microscopy},
  volume = {112},
  doi = {10.1029/2007JB004940},
  issn = {21699356},
}

@article{Fabian2019,
  author = {Fabian, K. and de Groot, L. V.},
  journal = {Geophysical Journal International},
  number = {2},
  year = {2019},
  month = {2},
  pages = {760--766},
  title = {A uniqueness theorem for tomography-assisted potential-field inversion},
  volume = {216},
  doi = {10.1093/GJI/GGY455},
  issn = {0956-540X},
}

@article{CortesOrtuno2022,
  author = {Cort{\'{e}}s‐Ortu{\~{n}}o, D. and Fabian, K. and de Groot, L. V.},
  journal = {Journal of Geophysical Research: Solid Earth},
  number = {5},
  year = {2022},
  month = {5},
  title = {Mapping {Magnetic} {Signals} of {Individual} {Magnetite} {Grains} to {Their} {Internal} {Magnetic} {Configurations} {Using} {Micromagnetic} {Models}},
  volume = {127},
  doi = {10.1029/2022JB024234},
  issn = {2169-9313},
}

@article{Oliveira2015Estimation,
  author = {Oliveira Jr., V. C. and Sales, D. P. and Barbosa, V. C. F. and Uieda, L.},
  journal = {Nonlinear Processes in Geophysics},
  number = {2},
  year = {2015},
  month = {4},
  pages = {215--232},
  title = {Estimation of the total magnetization direction of approximately spherical bodies},
  volume = {22},
  doi = {10.5194/npg-22-215-2015},
  issn = {16077946},
}

@article{Barbosa2011,
  author = {Barbosa, V. C. F. and Silva, J. B. C.},
  journal = {Geophysical Prospecting},
  number = {6},
  year = {2011},
  month = {11},
  pages = {1021--1034},
  title = {Reconstruction of geologic bodies in depth associated with a sedimentary basin using gravity and magnetic data},
  volume = {59},
  doi = {10.1111/j.1365-2478.2011.00997.x},
  issn = {00168025},
}

@article{DeGroot2014,
  author = {de Groot, L. V. and Fabian, K. and Bakelaar, I. A. and Dekkers, M. J.},
  journal = {Nature Communications},
  number = {1},
  year = {2014},
  month = {8},
  pages = {1--10},
  title = {Magnetic force microscopy reveals meta-stable magnetic domain states that prevent reliable absolute palaeointensity experiments},
  volume = {5},
  doi = {10.1038/ncomms5548},
  issn = {20411723},
}


@article{Lima2013,
  author = {Lima, E. A. and Weiss, B. P. and Baratchart, L. and Hardin, D. P. and Saff, E. B.},
  journal = {Journal of Geophysical Research: Solid Earth},
  number = {6},
  year = {2013},
  month = {6},
  pages = {2723--2752},
  title = {Fast inversion of magnetic field maps of unidirectional planar geological magnetization},
  volume = {118},
  doi = {10.1002/jgrb.50229},
  issn = {21699356},
}


@article{Ait2019Hydro,
  author = {Ait Brahim, Yassine and Bouchaou, Lhoussaine and Sifeddine, Abdelfettah and Beraaouz, El Hassane and Wanaim, Abderrahmane and Cheng, Hai},
  journal = {Environmental Earth Sciences},
  number = {16},
  year = {2019},
  month = {8},
  title = {Hydro-climate characteristics of the karst system of {Wintimdouine} cave ({Western} {High} {Atlas}, {Morocco}): monitoring and implications for paleoclimate research},
  volume = {78},
  doi = {10.1007/s12665-019-8496-5},
  issn = {1866-6280},
}

@book{Blakely1996,
  address = {Cambridge},
  author = {Blakely, R. J.},
  year = {1996},
  pages = {461},
  publisher = {Cambridge University Press},
  title = {Potential {Theory} in {Gravity} and {Magnetic} {Applications}},
}

@article{Melo2013,
  author = {Melo, F. F. and Barbosa, V. C. F. and Uieda, L. and Oliveira, V. C. and Silva, J. B. C.},
  journal = {Geophysics},
  number = {6},
  year = {2013},
  month = {11},
  pages = {J87--J98},
  title = {Estimating the nature and the horizontal and vertical positions of 3D magnetic sources using {Euler} deconvolution},
  volume = {78},
  doi = {10.1190/GEO2012-0515.1},
  issn = {00168033},
}


@article{Reid1990,
  author = {Reid, A. B. and Allsop, J. M. and Granser, H. and Millett, A. J. and Somerton, I. W.},
  journal = {GEOPHYSICS},
  number = {1},
  year = {1990},
  month = {1},
  pages = {80--91},
  title = {Magnetic interpretation in three dimensions using {Euler} deconvolution},
  volume = {55},
  doi = {10.1190/1.1442774},
  issn = {00168033},
}

@article{Souza-Junior2023b,
author = {Souza-Junior, Gelson Ferreira and Uieda, Leonardo and Trindade, Ricardo I. F. and Carmo, Janine and Fu, Roger},
journal = {EarthArXiv},
title = {{Full vector inversion of magnetic microscopy images using Euler deconvolution as a priori information}},
year = {2023},
doi = {10.31223/X5QD5Z}
}

@inproceedings{Souza-Junior2023a,
author = {Souza-Junior, Gelson Ferreira  and Trindade, Ricardo I. F. and Uieda, Leonardo and Fu, Roger and Carmo, Janine},
  title = {Full vector inversion of magnetic microscopy data using Euler deconvolution as a priori information},
  booktitle = {EGU General Assembly 2023},
  address = {Vienna, Austria},
  date = {24--28 Apr 2023},
  pages = {EGU23-4479},
  doi = {10.5194/egusphere-egu23-4479},
  year = {2023}
}


@article{Lascu2018,
author = {Lascu, Ioan and Einsle, Joshua F. and Ball, Matthew R. and Harrison, Richard J.},
journal = {Journal of Geophysical Research: Solid Earth},
number = {9},
pages = {7285--7304},
title = {{The Vortex State in Geologic Materials: A Micromagnetic Perspective}},
volume = {123},
year = {2018},
doi = {10.1029/2018JB015909}
}

@article{Neel1955,
author = {N{\'{e}}el, L.},
doi = {10.1080/00018735500101204},
issn = {14606976},
journal = {Advances in Physics},
number = {14},
pages = {191--243},
publisher = {Taylor \& Francis Group},
title = {{Some theoretical aspects of rock-magnetism}},
volume = {4},
year = {1955}
}
@article{Neel1949,
author = {N{\'{e}}el, L.},
journal = {Ann. Geophys.},
pages = {99--136},
title = {{Theorie du trainage magnetique des ferromagnetiques en grains fins avec applications aux terres cuites}},
volume = {5},
year = {1949}
}

@incollection{OReilly1984,
abstract = {The constitution of rock and mineral magnetism and its 'applications' or 'connections' are discussed in section 1.3. Some applications depend on the physical models of rock and mineral magnetism, and the extent to which rock and mineral magnetism research has provided experimental support for the models. The models essentially concern the acquisition and rem oval of weak field remanences, and form the physical basis for determinations of the direction and intensity ofthe ancient geomagnetic field, and the inferences which can be made from such adetermination. The models also suggest methods by which the palaeomagnetic signal may be distinguished from 'noise'. The models are applied in geological problems, such as the determination of emplacement temperatures, or in 'magnetic granulometry' with many areas of interest from technology to cosmology. A second species of application is found in the methods and techniques of rock and mineral magnetism, largely the determination of the composition, concentration and microstructure of the magnetic fraction of a rock or artefact. This provides the chemical basis of palaeomagnetism and palaeo-intensity studies, and can be used to monitor changes induced in a rock or artefact during laboratory heating. It also finds application as a tool in petrology, in environmental studies, and in the biologicaljmedical area. The knowledge and experience of rock and mineral magnetism also finds application in a number of other areas which might be grouped together under the heading of 'planetary physics'. They often involve large-scale phenomena, in some cases at remote distances, or the properties of inaccessible materials. Several questions-the properties of the source material contributing to the magnetic field measured at the surface of the Earth or other Earth-type planet, the depth of the Curie point isotherm, the origin of the seismomagnetic and volcanomagnetic effects, the magnetic and magneto-mineralogical effects of meteoritic impact, and the mechanism of magnetiza-tion of the crusts of Earth-type bodies in the solar system-may find some answer in the body of rock and mineral magnetism knowledge.},
author = {O'Reilly, W.},
booktitle = {Rock and Mineral Magnetism},
doi = {10.1007/978-1-4684-8468-7_9},
file = {:C\:/Users/gelso/AppData/Local/Mendeley Ltd./Mendeley Desktop/Downloaded/O'Reilly, O'Reilly - 1984 - Applications of rock and mineral magnetism.pdf:pdf},
pages = {194--212},
publisher = {Springer US},
title = {{Applications of rock and mineral magnetism}},
year = {1984}
}

@article{Nelder-Mead1965,
    author = {Nelder, J. A. and Mead, R.},
    title = "{A Simplex Method for Function Minimization}",
    journal = {The Computer Journal},
    volume = {7},
    number = {4},
    pages = {308-313},
    year = {1965},
    month = {01},
    abstract = "{A method is described for the minimization of a function of n variables, which depends on the comparison of function values at the (n + 1) vertices of a general simplex, followed by the replacement of the vertex with the highest value by another point. The simplex adapts itself to the local landscape, and contracts on to the final minimum. The method is shown to be effective and computationally compact. A procedure is given for the estimation of the Hessian matrix in the neighbourhood of the minimum, needed in statistical estimation problems.}",
    issn = {0010-4620},
    doi = {10.1093/comjnl/7.4.308},
}

@article{Souza-Junior2024,
author = {Souza-Junior, Gelson F. and Uieda, Leonardo and Trindade, Ricardo I. F. and Carmo, Janine and Fu, Roger},
title = {Full Vector Inversion of Magnetic Microscopy Images Using {E}uler Deconvolution as Prior Information},
journal = {Geochemistry, Geophysics, Geosystems},
volume = {25},
number = {7},
pages = {e2023GC011082},
keywords = {magnetic microscopy, geophysics, Python, inverse problems, image processing},
doi = {10.1029/2023GC011082},
year = {2024}
}

@article{Poletti2016,
title = {Archeomagnetism of Jesuit Missions in South Brazil (1657–1706 AD) and assessment of the South American database},
journal = {Earth and Planetary Science Letters},
volume = {445},
pages = {36-47},
year = {2016},
issn = {0012-821X},
doi = {10.1016/j.epsl.2016.04.006},
author = {Wilbor Poletti and Ricardo I.F. Trindade and Gelvam A. Hartmann and Nadir Damiani and Raquel M. Rech},
keywords = {archeomagnetism, archeointensity, South America, Brazil, Jesuit Missions},
}


@article{Moncinhatto2019,
    author = {Moncinhatto, Thiago R and Haag, Maurício B and Hartmann, Gelvam A and Savian, Jairo F and Poletti, Wilbor and Sommer, Carlos A and Caselli, Alberto T and Trindade, Ricardo I F},
    title = {Mineralogical control on the magnetic anisotropy of lavas and ignimbrites: a case study in the Caviahue-Copahue field (Argentina)},
    journal = {Geophysical Journal International},
    volume = {220},
    number = {2},
    pages = {821-838},
    year = {2019},
    month = {10},
    issn = {0956-540X},
    doi = {10.1093/gji/ggz483},
}

@article{Out2024,
author = {Out, Frenk and de Boer, Rosa A. and Walmsley, John and de Groot, Lennart V.},
title = {The Impact of Grain-Size Distributions of Iron-Oxides on Paleomagnetic Measurements},
journal = {Geochemistry, Geophysics, Geosystems},
volume = {25},
number = {4},
pages = {e2024GC011512},
keywords = {paleomagnetism, iron-oxides, grain-size distribution, micromagnetic tomography, FIB-SEM, ghost grains},
doi = {10.1029/2024GC011512},
year = {2024}
}

@article{Out2025,
title={Increasing the Accuracy and Efficiency of Micromagnetic Tomography by Double Sided Scanning},
DOI={10.22541/essoar.173724281.11916495/v1},
publisher={Authorea, Inc.},
author={Out, Frenk and Boer, Rosa A de and Kosters, Martha E and Groot, Bertwin M de and Groot, Lennart Vincent de},
year={2025},
month=jan }

@article{Bellon2025,
title={Efficiency of thermoremanent magnetization acquisition in vortex-state particle assemblies [{P}reprint]},
DOI={10.22541/essoar.173870862.24424739/v1},
publisher={Authorea, Inc.},
author={Bellon, Ualisson Donardelli and Williams, Wyn and Muxworthy, Adrian R and Souza-Junior, Gelson Ferreira and Nagy, Lesleis and Uieda, Leonardo and Trindade, Ricardo IF},
journal={ESS Open Archive},
year={2025},
month=feb
}

@article{Bellon-2024a,
  author = {Bellon, Ualisson Donardelli and Williams, Wyn and Trindade, Ricardo Ivan Ferreira and Diaz, Ana and Galante, Douglas},
  year = {2024},
  title = {Coupling nanoscopic tomography and micromagnetic modelling to assess the stability of geomagnetic recorders},
  journal = {Communications Earth \& Environment},
  volume = {5},
  number = {1},
  pages = {563},
  doi = {10.1038/s43247-024-01715-x},
  issn = {2662-4435}
}


@article{Nagy2019,
author = {Nagy, Lesleis and Williams, Wyn and Tauxe, Lisa and Muxworthy, Adrian R.},
title = {From Nano to Micro: Evolution of Magnetic Domain Structures in Multidomain Magnetite},
journal = {Geochemistry, Geophysics, Geosystems},
volume = {20},
number = {6},
pages = {2907-2918},
keywords = {single vortex, multidomain, domain state evolution, magnetite, Bloch wall},
doi = {10.1029/2019GC008319},
year = {2019}
}

@article{Volk2022,
title = {QDMlab: A MATLAB toolbox for analyzing quantum diamond microscope (QDM) magnetic field maps},
journal = {Computers \& Geosciences},
volume = {167},
pages = {105198},
year = {2022},
issn = {0098-3004},
doi = {https://doi.org/10.1016/j.cageo.2022.105198},
author = {Michael W.R. Volk and Roger R. Fu and Raisa Trubko and Pauli Kehayias and David R. Glenn and Eduardo A. Lima},
keywords = {Magnetic microscopy, Quantum diamond microscope, MATLAB toolbox, Rock magnetism},
}

@article{Gao2010,
  title = {Implementing the Nelder-Mead simplex algorithm with adaptive parameters},
  volume = {51},
  ISSN = {1573-2894},
  DOI = {10.1007/s10589-010-9329-3},
  number = {1},
  journal = {Computational Optimization and Applications},
  publisher = {Springer Science and Business Media LLC},
  author = {Gao,  Fuchang and Han,  Lixing},
  year = {2010},
  month = may,
  pages = {259–277}
}

@article{Uieda2025,
  title = {Euler inversion: Locating sources of potential-field data through inversion of Euler’s homogeneity equation},
  ISSN = {1365-246X},
  DOI = {10.1093/gji/ggaf114},
  journal = {Geophysical Journal International},
  publisher = {Oxford University Press (OUP)},
  author = {Uieda,  Leonardo and Souza-Junior,  Gelson Ferreira and Uppal,  India and Coelho Oliveira,  Vanderlei},
  year = {2025},
  month = mar
}

@article{Hess2024,
  title = {Investigating speleothem magnetism as a proxy for dust mobilization and rainfall},
  volume = {330},
  ISSN = {0277-3791},
  DOI = {10.1016/j.quascirev.2024.108598},
  journal = {Quaternary Science Reviews},
  publisher = {Elsevier BV},
  author = {Hess,  Kimberly and Fu,  Roger R. and Piascik,  Samuel and Stríkis,  Nicolas M. and Trindade,  Ricardo I.F. and Kukla,  Tyler and Brenner,  Alec R. and Jaqueto,  Plinio and Petaev,  Michail I. and Cruz,  Francisco W. and Buarque,  Placido Fabricio Silva Melo and Pérez-Mejías,  Carlos and Cheng,  Hai},
  year = {2024},
  month = apr,
  pages = {108598}
}
