/******************************************************************************
Use the https://www.doi2bib.org website to easily get well formated BibTex
entries.
******************************************************************************/
@article{OliveiraJr2023,
  title = {Computational aspects of the equivalent-layer technique: review},
  volume = {11},
  issn = {2296-6463},
  url = {http://dx.doi.org/10.3389/feart.2023.1253148},
  doi = {10.3389/feart.2023.1253148},
  journal = {Frontiers in Earth Science},
  publisher = {Frontiers Media SA},
  author = {Oliveira Jr,  Vanderlei C. and Takahashi,  Diego and Reis,  André L. A. and Barbosa,  Valéria C. F.},
  year = {2023},
  month = nov 
}

@article{OliveiraJr2015,
  author = {Oliveira Jr., V. C. and Sales, D. P. and Barbosa, V. C. F. and Uieda, L.},
  journal = {Nonlinear Processes in Geophysics},
  number = {2},
  year = {2015},
  month = {4},
  pages = {215--232},
  title = {Estimation of the total magnetization direction of approximately spherical bodies},
  volume = {22},
  doi = {10.5194/npg-22-215-2015},
  issn = {16077946},
}

@article{Dampney1969,
    author = {Dampney,  C. N. G.},
    title = {THE EQUIVALENT SOURCE TECHNIQUE},
    journal = {GEOPHYSICS},
    publisher = {Society of Exploration Geophysicists},
    year = {1969},
    month = feb,
    pages = {39–53},
    volume = {34},
    number = {1},
    issn = {1942-2156},
    doi = {10.1190/1.1439996},
}

@article{Cordell1992,
    author = {Cordell, L},
    title = {A scattered equivalent-source method for interpolation and gridding of potential-field data in three dimensions},
    journal = {Geophysics},
    year = {1992},
    month = {4},
    pages = {629--636},
    volume = {57},
    number = {4},
    issn = {1942-2156},
    doi = {10.1190/1.1443275},
}

@book{Blakley1995,
    author = {Blakely,  R. J.},
    title = {Potential Theory in Gravity and Magnetic Applications},
    publisher = {Cambridge University Press},
    year = {1995},
    month = jan,
    isbn = {9780511549816},
    doi = {10.1017/cbo9780511549816},
}

@book{Langel1998,
    author = {Langel,  R. A. and Hinze,  W. J.},
    title = {Magnetic Field of the Earths Lithosphere The: The Satellite Perspective},
    publisher = {Cambridge University Press},
    year = {1998},
    doi = {10.1017/cbo9780511629549},
}

@article{Li2020,
    author = {Li,  Duan and Liang,  Qing and Du,  Jinsong and Sun,  Shida and Zhang,  Yi and Chen,  Chao},
    title = {Transforming Total‐Field Magnetic Anomalies Into Three Components Using Dual‐Layer Equivalent Sources},
    journal = {Geophysical Research Letters},
    publisher = {American Geophysical Union (AGU)},
    year = {2020},
    month = feb,
    volume = {47},
    number = {3},
    issn = {1944-8007},
    doi = {10.1029/2019gl084607},
}

@article{Soler2021,
    author = {Soler,  Santiago R and Uieda,  Leonardo},
    title = {Gradient-boosted equivalent sources},
    journal = {Geophysical Journal International},
    publisher = {Oxford University Press (OUP)},
    year = {2021},
    month = aug,
    volume = {227},
    number = {3},
    issn = {1365-246X},
    pages = {1768–1783},
}

@article{Friedman2001,
    author = {Friedman,  Jerome H.},
    title = {Greedy function approximation: A gradient boosting machine.},
    journal = {The Annals of Statistics},
    publisher = {Institute of Mathematical Statistics},
    year = {2001},
    month = oct,
    volume = {29},
    number = {5},
    issn = {0090-5364},
    doi = {10.1214/aos/1013203451},
}

@article{Friedman2002,
    author = {Friedman,  Jerome H.},  
    title = {Stochastic gradient boosting},
    journal = {Computational Statistics &amp; Data Analysis},
    publisher = {Elsevier BV},
    year = {2002},
    month = feb,
    volume = {38},
    number = {4},
    pages = {367–378},
    issn = {0167-9473},
    doi = {10.1016/s0167-9473(01)00065-2},
}

@article{Roberts2017,
    author = {Roberts,  David R. and Bahn,  Volker and Ciuti,  Simone and Boyce,  Mark S. and Elith,  Jane and Guillera‐Arroita,  Gurutzeta and Hauenstein,  Severin and Lahoz‐Monfort,  José J. and Schr\"{o}der,  Boris and Thuiller,  Wilfried and Warton,  David I. and Wintle,  Brendan A. and Hartig,  Florian and Dormann,  Carsten F.},
    title = {Cross‐validation strategies for data with temporal,  spatial,  hierarchical,  or phylogenetic structure},
    journal = {Ecography},
    publisher = {Wiley},
    pages = {913–929},
    volume = {40},
    number = {8},
    year = {2017},
    month = mar,
    issn = {1600-0587},
    doi = {10.1111/ecog.02881},
}

@article{Geisser1975,
    author = {Geisser,  Seymour},
    title = {The Predictive Sample Reuse Method with Applications},
    journal = {Journal of the American Statistical Association},
    publisher = {Informa UK Limited},
    pages = {320–328},
    volume = {70},    
    number = {350},
    year = {1975},
    month = jun,
    issn = {1537-274X},
    doi = {10.1080/01621459.1975.10479865},
}

@article{Jung2017,
    author = {Jung,  Yoonsuh},
    title = {Multiple predicting K-fold cross-validation for model selection},
    journal = {Journal of Nonparametric Statistics},
    publisher = {Informa UK Limited},  
    pages = {197–215},
    volume = {30},
    number = {1},
    year = {2017},
    month = nov,
    issn = {1029-0311},
    doi = {10.1080/10485252.2017.1404598},
}

@misc{ICEGRAV_data, 
    author = {Ferraccioli,  Fausto and Forsberg,  R. and Olesen,  Arne and Jordan,  Tom and Matsuoka,  Kenichi and Zakrajsek,  Andrés and Ghidella,  Marta},
    title = {Processed line aeromagnetic data over the Recovery Lakes region and interior Dronning Maud Land,  East Antarctica (2013)},
    publisher = {UK Polar Data Centre,  Natural Environment Research Council,  UK Research & Innovation},
    year = {2020},
    copyright = {Open Government Licence V3.0},
    url = {https://data.bas.ac.uk/full-record.php?id=GB/NERC/BAS/PDC/01272},
    doi = {10.5285/849E2215-95B0-4275-88B8-50E18E3F8D56},
}

@book{Kellogg1967,
    author = {Kellogg,  Oliver Dimon},
    title = {Foundations of Potential Theory},
    publisher = {Springer Berlin Heidelberg},
    year = {1967},
    doi = {10.1007/978-3-642-86748-4},
    url = {http://dx.doi.org/10.1007/978-3-642-86748-4},
    isbn={9783642867484},
}

@article{Leao1989,
  title = {Discrete linear transformations of potential field data},
  volume = {54},
  issn = {1942-2156},
  url = {http://dx.doi.org/10.1190/1.1442676},
  doi = {10.1190/1.1442676},
  number = {4},
  journal = {GEOPHYSICS},
  publisher = {Society of Exploration Geophysicists},
  author = {Leão,  Jorge W. D. and Silva,  João B. C.},
  year = {1989},
  month = apr,
  pages = {497–507}
}

@article{Mendona1994,
  title = {The equivalent data concept applied to the interpolation of potential field data},
  volume = {59},
  issn = {1942-2156},
  url = {http://dx.doi.org/10.1190/1.1443630},
  doi = {10.1190/1.1443630},
  number = {5},
  journal = {GEOPHYSICS},
  publisher = {Society of Exploration Geophysicists},
  author = {Mendon\c{c}a,  Carlos Alberto and Silva,  João B. C.},
  year = {1994},
  month = may,
  pages = {722–732}
}

@article{Mendona2020,
  title = {Subspace method for solving large-scale equivalent layer and density mapping problems},
  volume = {85},
  issn = {1942-2156},
  url = {http://dx.doi.org/10.1190/geo2019-0302.1},
  doi = {10.1190/geo2019-0302.1},
  number = {3},
  journal = {GEOPHYSICS},
  publisher = {Society of Exploration Geophysicists},
  author = {Mendon\c{c}a,  Carlos A.},
  year = {2020},
  month = may,
  pages = {G57–G68}
}
@article{Guspi2009,
  title = {Reduction to the pole and transformations of scattered magnetic data using Newtonian equivalent sources},
  volume = {74},
  issn = {1942-2156},
  url = {http://dx.doi.org/10.1190/1.3170690},
  doi = {10.1190/1.3170690},
  number = {5},
  journal = {GEOPHYSICS},
  publisher = {Society of Exploration Geophysicists},
  author = {Guspí,  Fernando and Novara,  Iván},
  year = {2009},
  month = sep,
  pages = {L67–L73}
}

@article{Li2010,
  title = {Rapid construction of equivalent sources using wavelets},
  volume = {75},
  issn = {1942-2156},
  url = {http://dx.doi.org/10.1190/1.3378764},
  doi = {10.1190/1.3378764},
  number = {3},
  journal = {GEOPHYSICS},
  publisher = {Society of Exploration Geophysicists},
  author = {Li,  Yaoguo and Oldenburg,  Douglas W.},
  year = {2010},
  month = may,
  pages = {L51–L59}
}

@article{OliveiraJr2013,
  title = {Polynomial equivalent layer},
  volume = {78},
  issn = {1942-2156},
  url = {http://dx.doi.org/10.1190/geo2012-0196.1},
  doi = {10.1190/geo2012-0196.1},
  number = {1},
  journal = {GEOPHYSICS},
  publisher = {Society of Exploration Geophysicists},
  author = {Oliveira Jr.,  Vanderlei C. and Barbosa,  Valéria C. F. and Uieda,  Leonardo},
  year = {2013},
  month = jan,
  pages = {G1–G13}
}

@article{Siqueira2017,
  title = {Fast iterative equivalent-layer technique for gravity data processing: A method grounded on excess mass constraint},
  volume = {82},
  issn = {1942-2156},
  url = {http://dx.doi.org/10.1190/geo2016-0332.1},
  doi = {10.1190/geo2016-0332.1},
  number = {4},
  journal = {GEOPHYSICS},
  publisher = {Society of Exploration Geophysicists},
  author = {Siqueira,  Fillipe C. L. and Oliveira Jr.,  Vanderlei C. and Barbosa,  Valéria C. F.},
  year = {2017},
  month = jul,
  pages = {G57–G69}
}

@article{Jirigalatu2019,
  title = {A fast equivalent source method for airborne gravity gradient data},
  volume = {84},
  issn = {1942-2156},
  url = {http://dx.doi.org/10.1190/GEO2018-0366.1},
  doi = {10.1190/geo2018-0366.1},
  number = {5},
  journal = {GEOPHYSICS},
  publisher = {Society of Exploration Geophysicists},
  author = {Jirigalatu,  J\"{o}rg and Ebbing},
  year = {2019},
  month = sep,
  pages = {G75–G82}
}

@article{Takahashi2022,
  title = {Convolutional equivalent layer for magnetic data processing},
  volume = {87},
  issn = {1942-2156},
  url = {http://dx.doi.org/10.1190/geo2021-0599.1},
  doi = {10.1190/geo2021-0599.1},
  number = {5},
  journal = {GEOPHYSICS},
  publisher = {Society of Exploration Geophysicists},
  author = {Takahashi,  Diego and Oliveira Jr.,  Vanderlei C. and Barbosa,  Valéria C. F.},
  year = {2022},
  month = jul,
  pages = {E291–E306}
}

@article{Piauilino2024,
  title = {Efficient equivalent-layer technique for processing irregularly spaced magnetic data on uneven surfaces},
  volume = {90},
  issn = {1942-2156},
  url = {http://dx.doi.org/10.1190/geo2023-0731.1},
  doi = {10.1190/geo2023-0731.1},
  number = {1},
  journal = {GEOPHYSICS},
  publisher = {Society of Exploration Geophysicists},
  author = {Piauilino,  Larissa S. and Oliveira,  Vanderlei C. and Barbosa,  Valéria C. F.},
  year = {2024},
  month = dec,
  pages = {G1–G13}
}

@article{numpy,
    title = {Array programming with {NumPy} [Software]},
    author = {Harris, Charles R. and Millman, K. Jarrod and van der Walt, Stéfan J. and Gommers, Ralf and Virtanen, Pauli and Cournapeau, David and Wieser, Eric and Taylor, Julian and Bergstra, James and Smith, Nathaniel J. and Kern, Robert and Picus, Matti and Hoyer, Stephan and van Kerkwijk, Marten H. and Brett, Matthew and Haldane, Allan and Del Río, Jaime and Wiebe, Mark and Peterson, Pearu and Gérard-Marchant, Pierre and Sheppard, Kevin and Reddy, Tyler and Weckesser, Warren and Abbasi, Hameer and Gohlke, Christoph and Oliphant, Travis E.},
    journal = {Nature},
    volume = {585},
    number = {7825},
    pages = {357--362},
    year = {2020},
    doi = {10.1038/s41586-020-2649-2}
}

@article{matplotlib,
   author = {Hunter, J. D.},
   title = {{Matplotlib}: A 2D graphics environment [Software]},
   journal = {Computing in Science \& Engineering},
   volume = {9},
   number = {3},
   pages = {90--95},
   year = {2007},
   doi = {10.1109/MCSE.2007.55}
}

@misc{pygmt,
  doi = {10.5281/ZENODO.3781524},
  author = {Tian,  Dongdong and Uieda,  Leonardo and Leong,  Wei Ji and Fr\"{o}hlich,  Yvonne and Schlitzer,  William and Grund,  Michael and Jones,  Max and Toney,  Liam and Yao,  Jiayuan and Magen,  Yohai and Jing-Hui,  Tong and Materna,  Kathryn and Belem,  Andre and Newton,  Tyler and Anant,  Abhishek and Ziebarth,  Malte and Quinn,  Jamie and Wessel,  Paul},
  title = {PyGMT: A Python interface for the Generic Mapping Tools [software]},
  publisher = {Zenodo},
  year = {2024},
}

@article{pyproj,
  doi = {10.5281/ZENODO.13864781},
  author = {Alan D. Snow and Jeff Whitaker and Micah Cochran and Idan Miara and Joris Van den Bossche and Chris Mayo and Greg Lucas and Paul Cochrane and Jos de Kloe and Charles Karney and Javier Jimenez Shaw and Filipe and George Ouzounoudis and Justin Dearing and Guillaume Lostis and David Hoese and Bas Couwenberg and Brendan Jurd and Christoph Gohlke and Cora Schneck and Daniel McDonald and Mikhail Itkin and Ryan May and Heitor de Bittencourt and Bill Little and Poruri Sai Rahul and Nick Eubank and Neil and Mike Taves},
  title = {pyproj4/pyproj: 3.7.0 Release [Software]},
  journal = {Zenodo},
  year = {2024},
}

@article{pandas,
  doi = {10.5281/ZENODO.13819579},
  author = {{The pandas development team}},
  title = {pandas-dev/pandas: Pandas [Software]},
  journal = {Zenodo},
  year = {2024},
}

@article{xarray,
  title     = {xarray: {N-D} labeled arrays and datasets in {Python} [Software]},
  author    = {Hoyer, S. and J. Hamman},
  journal   = {Journal of Open Research Software},
  volume    = {5},
  number    = {1},
  year      = {2017},
  publisher = {Ubiquity Press},
  doi       = {10.5334/jors.148}
}

@article{verde,
  title = {{Verde}: {Processing} and gridding spatial data using {Green's} functions [Software]},
  author = {Uieda, Leonardo},
  year = {2018},
  journal = {Journal of Open Source Software},
  volume = {3},
  number = {29},
  pages = {957},
  issn = {2475-9066},
  doi = {10.21105/joss.00957},
}

@article{harmonica,
    author = {{Fatiando a Terra Project} and Castro,  Yago M. and Esteban,  Federico D. and Li,  Lu and Oliveira Jr,  Vanderlei C and Pesce,  Agustina and Shea,  Nicholas and Soler,  Santiago R. and Souza-Junior,  Gelson F. and Tankersley,  Matthew and Uieda,  Leonardo and Uppal,  India},
    title = {Harmonica v0.7.0: Forward modeling,  inversion,  and processing gravity and magnetic data},
    journal = {Zenodo},
    doi = {10.5281/ZENODO.13308312},
    url = {https://zenodo.org/doi/10.5281/zenodo.13308312},
    year = {2024},
}

@article{HidalgoGato2021,
  title = {Magnetic amplitude inversion for depth-to-basement and apparent magnetization-intensity estimates},
  volume = {86},
  ISSN = {1942-2156},
  DOI = {10.1190/geo2019-0726.1},
  number = {1},
  journal = {GEOPHYSICS},
  publisher = {Society of Exploration Geophysicists},
  author = {Hidalgo-Gato,  Marlon C. and Barbosa,  Valéria C. F. and Oliveira Jr.,  Vanderlei C.},
  year = {2021},
  month = jan,
  pages = {J1–J11}
}

@article{Melo2021,
  title = {Amplitude of the magnetic anomaly vector in the interpretation of total-field anomaly at low magnetic latitudes},
  volume = {190},
  ISSN = {0926-9851},
  DOI = {10.1016/j.jappgeo.2021.104339},
  journal = {Journal of Applied Geophysics},
  publisher = {Elsevier BV},
  author = {Melo,  Felipe F. and Gonzalez,  Shayane P. and Barbosa,  Valéria C.F. and Oliveira Jr.,  Vanderlei C.},
  year = {2021},
  month = jul,
  pages = {104339}
}